<?xml version="1.0" encoding="UTF-8"?>
<!DOCTYPE html PUBLIC "-//W3C//DTD XHTML 1.0 Transitional//EN"
    "http://www.w3.org/TR/xhtml1/DTD/xhtml1-transitional.dtd">
<html xmlns="http://www.w3.org/1999/xhtml" xml:lang="en" lang="en">
 <head>
  <title>
</title>
<meta http-equiv="Content-Type" content="text/html;charset=utf-8" />
  <meta name='ocr-system' content='tesseract 3.04.00' />
  <meta name='ocr-capabilities' content='ocr_page ocr_carea ocr_par ocr_line ocrx_word'/>
</head>
<body>
  <div class='ocr_page' id='page_1' title='image "./speciesgeneraeto0302agar_0016.png"; bbox 0 0 1937 3315; ppageno 0'>
   <div class='ocr_carea' id='block_1_1' title="bbox 321 198 347 236">
    <p class='ocr_par' dir='ltr' id='par_1_1' title="bbox 321 198 347 236">
     <span class='ocr_line' id='line_1_1' title="bbox 321 198 347 236; baseline 0 0"><span class='ocrx_word' id='word_1_1' title='bbox 321 198 347 236; x_wconf 86' lang='lat'><strong>4</strong></span> 
     </span>
    </p>
   </div>
   <div class='ocr_carea' id='block_1_2' title="bbox 308 303 1855 1972">
    <p class='ocr_par' dir='ltr' id='par_1_2' title="bbox 308 303 1855 1972">
     <span class='ocr_line' id='line_1_2' title="bbox 322 303 1854 359; baseline 0.001 -11"><span class='ocrx_word' id='word_1_2' title='bbox 322 323 398 348; x_wconf 71' lang='lat' dir='ltr'>san</span> <span class='ocrx_word' id='word_1_3' title='bbox 446 306 701 359; x_wconf 69' lang='lat' dir='ltr'>disparibus,</span> <span class='ocrx_word' id='word_1_4' title='bbox 749 318 843 356; x_wconf 74' lang='lat' dir='ltr'>quae</span> <span class='ocrx_word' id='word_1_5' title='bbox 889 303 1163 346; x_wconf 74' lang='lat' dir='ltr'>identitatem</span> <span class='ocrx_word' id='word_1_6' title='bbox 1211 306 1435 359; x_wconf 82' lang='lat' dir='ltr'>probaret3</span> <span class='ocrx_word' id='word_1_7' title='bbox 1482 320 1536 346; x_wconf 87' lang='lat' dir='ltr'>an</span> <span class='ocrx_word' id='word_1_8' title='bbox 1569 308 1854 354; x_wconf 75' lang='lat' dir='ltr'>characteres,</span> 
     </span>
     <span class='ocr_line' id='line_1_3' title="bbox 320 371 1854 428; baseline 0.003 -16"><span class='ocrx_word' id='word_1_9' title='bbox 320 374 474 426; x_wconf 78' lang='lat' dir='ltr'>quibus</span> <span class='ocrx_word' id='word_1_10' title='bbox 519 374 560 413; x_wconf 91' lang='lat' dir='ltr'>in</span> <span class='ocrx_word' id='word_1_11' title='bbox 608 371 901 424; x_wconf 77' lang='lat' dir='ltr'>superioribus</span> <span class='ocrx_word' id='word_1_12' title='bbox 947 371 1109 424; x_wconf 85' lang='lat' dir='ltr'>plantis</span> <span class='ocrx_word' id='word_1_13' title='bbox 1155 373 1420 415; x_wconf 81' lang='lat' dir='ltr'>definiantur</span> <span class='ocrx_word' id='word_1_14' title='bbox 1458 379 1617 428; x_wconf 85' lang='lat' dir='ltr'>partes,</span> <span class='ocrx_word' id='word_1_15' title='bbox 1649 377 1780 417; x_wconf 90' lang='lat' dir='ltr'>etiam</span> <span class='ocrx_word' id='word_1_16' title='bbox 1812 378 1854 417; x_wconf 92' lang='lat' dir='ltr'>in</span> 
     </span>
     <span class='ocr_line' id='line_1_4' title="bbox 319 438 1854 491; baseline 0.003 -10"><span class='ocrx_word' id='word_1_17' title='bbox 319 441 595 481; x_wconf 81' lang='lat' dir='ltr'>inferioribus</span> <span class='ocrx_word' id='word_1_18' title='bbox 627 439 690 479; x_wconf 89' lang='lat' dir='ltr'>ita</span> <span class='ocrx_word' id='word_1_19' title='bbox 722 438 907 489; x_wconf 83' lang='lat' dir='ltr'>valeant,</span> <span class='ocrx_word' id='word_1_20' title='bbox 940 444 988 480; x_wconf 91' lang='lat' dir='ltr'>ut</span> <span class='ocrx_word' id='word_1_21' title='bbox 1011 454 1107 491; x_wconf 69' lang='lat' dir='ltr'>quae</span> <span class='ocrx_word' id='word_1_22' title='bbox 1131 441 1279 482; x_wconf 81' lang='lat' dir='ltr'>iisdem</span> <span class='ocrx_word' id='word_1_23' title='bbox 1303 442 1630 484; x_wconf 69' lang='lat' dir='ltr'>chamcteribus</span> <span class='ocrx_word' id='word_1_24' title='bbox 1654 459 1735 484; x_wconf 88' lang='lat' dir='ltr'>non</span> <span class='ocrx_word' id='word_1_25' title='bbox 1758 459 1854 485; x_wconf 86' lang='lat' dir='ltr'>con-</span> 
     </span>
     <span class='ocr_line' id='line_1_5' title="bbox 317 507 1852 559; baseline 0.004 -13"><span class='ocrx_word' id='word_1_26' title='bbox 317 510 475 559; x_wconf 75' lang='lat' dir='ltr'>gruant</span> <span class='ocrx_word' id='word_1_27' title='bbox 520 510 679 558; x_wconf 85' lang='lat' dir='ltr'>partes,</span> <span class='ocrx_word' id='word_1_28' title='bbox 726 520 801 547; x_wconf 91' lang='lat' dir='ltr'>nec</span> <span class='ocrx_word' id='word_1_29' title='bbox 848 507 1000 548; x_wconf 90' lang='lat' dir='ltr'>iisdem</span> <span class='ocrx_word' id='word_1_30' title='bbox 1049 509 1291 549; x_wconf 88' lang='lat' dir='ltr'>nominibus</span> <span class='ocrx_word' id='word_1_31' title='bbox 1337 509 1683 552; x_wconf 77' lang='lat' dir='ltr'>denominantur.</span> <span class='ocrx_word' id='word_1_32' title='bbox 1750 512 1852 552; x_wconf 81' lang='lat' dir='ltr'>Rem</span> 
     </span>
     <span class='ocr_line' id='line_1_6' title="bbox 317 572 1853 631; baseline 0.005 -18"><span class='ocrx_word' id='word_1_33' title='bbox 317 573 484 626; x_wconf 83' lang='lat' dir='ltr'>quidem</span> <span class='ocrx_word' id='word_1_34' title='bbox 520 572 645 613; x_wconf 84' lang='lat' dir='ltr'>facile</span> <span class='ocrx_word' id='word_1_35' title='bbox 677 573 917 626; x_wconf 86' lang='lat' dir='ltr'>dijudicare</span> <span class='ocrx_word' id='word_1_36' title='bbox 951 575 1077 616; x_wconf 83' lang='lat' dir='ltr'>liceat</span> <span class='ocrx_word' id='word_1_37' title='bbox 1110 576 1144 616; x_wconf 84' lang='lat' dir='ltr'>si</span> <span class='ocrx_word' id='word_1_38' title='bbox 1177 578 1381 617; x_wconf 87' lang='lat' dir='ltr'>statueris</span> <span class='ocrx_word' id='word_1_39' title='bbox 1412 582 1460 618; x_wconf 89' lang='lat' dir='ltr'>ut</span> <span class='ocrx_word' id='word_1_40' title='bbox 1482 592 1576 631; x_wconf 74' lang='lat' dir='ltr'>quae</span> <span class='ocrx_word' id='word_1_41' title='bbox 1600 593 1683 620; x_wconf 88' lang='lat' dir='ltr'>non</span> <span class='ocrx_word' id='word_1_42' title='bbox 1705 580 1853 621; x_wconf 88' lang='lat' dir='ltr'>iisdem</span> 
     </span>
     <span class='ocr_line' id='line_1_7' title="bbox 316 640 1854 699; baseline 0.007 -21"><span class='ocrx_word' id='word_1_43' title='bbox 316 640 570 680; x_wconf 83' lang='lat' dir='ltr'>conveniant</span> <span class='ocrx_word' id='word_1_44' title='bbox 601 640 937 690; x_wconf 73' lang='lat' dir='ltr'>characteribus,</span> <span class='ocrx_word' id='word_1_45' title='bbox 971 657 1047 683; x_wconf 90' lang='lat' dir='ltr'>nec</span> <span class='ocrx_word' id='word_1_46' title='bbox 1080 643 1269 685; x_wconf 88' lang='lat' dir='ltr'>identica</span> <span class='ocrx_word' id='word_1_47' title='bbox 1301 645 1386 685; x_wconf 88' lang='lat' dir='ltr'>sint</span> <span class='ocrx_word' id='word_1_48' title='bbox 1417 660 1599 699; x_wconf 70' lang='lat' dir='ltr'>organa,</span> <span class='ocrx_word' id='word_1_49' title='bbox 1631 648 1694 688; x_wconf 89' lang='lat' dir='ltr'>ita</span> <span class='ocrx_word' id='word_1_50' title='bbox 1718 649 1854 689; x_wconf 87' lang='lat' dir='ltr'>notio-</span> 
     </span>
     <span class='ocr_line' id='line_1_8' title="bbox 318 707 1855 767; baseline 0.006 -20"><span class='ocrx_word' id='word_1_51' title='bbox 318 721 390 748; x_wconf 88' lang='lat' dir='ltr'>nes</span> <span class='ocrx_word' id='word_1_52' title='bbox 423 707 658 748; x_wconf 73' lang='lat' dir='ltr'>habeamus</span> <span class='ocrx_word' id='word_1_53' title='bbox 691 712 832 749; x_wconf 80' lang='lat' dir='ltr'>certas</span> <span class='ocrx_word' id='word_1_54' title='bbox 863 713 906 750; x_wconf 92' lang='lat' dir='ltr'>et</span> <span class='ocrx_word' id='word_1_55' title='bbox 938 709 1160 761; x_wconf 70' lang='lat' dir='ltr'>definitas,</span> <span class='ocrx_word' id='word_1_56' title='bbox 1193 712 1261 752; x_wconf 76' lang='lat' dir='ltr'>vix</span> <span class='ocrx_word' id='word_1_57' title='bbox 1294 716 1438 753; x_wconf 86' lang='lat' dir='ltr'>autem</span> <span class='ocrx_word' id='word_1_58' title='bbox 1467 720 1664 766; x_wconf 87' lang='lat' dir='ltr'>putarem</span> <span class='ocrx_word' id='word_1_59' title='bbox 1688 716 1855 767; x_wconf 76' lang='lat' dir='ltr'>legibus</span> 
     </span>
     <span class='ocr_line' id='line_1_9' title="bbox 315 775 1854 836; baseline 0.006 -22"><span class='ocrx_word' id='word_1_60' title='bbox 315 778 481 815; x_wconf 79' lang='lat' dir='ltr'>naturae</span> <span class='ocrx_word' id='word_1_61' title='bbox 528 775 606 815; x_wconf 88' lang='lat' dir='ltr'>hoc</span> <span class='ocrx_word' id='word_1_62' title='bbox 652 775 775 816; x_wconf 88' lang='lat' dir='ltr'>modo</span> <span class='ocrx_word' id='word_1_63' title='bbox 824 777 1066 817; x_wconf 88' lang='lat' dir='ltr'>consultum</span> <span class='ocrx_word' id='word_1_64' title='bbox 1113 779 1220 819; x_wconf 85' lang='lat' dir='ltr'>fieri.</span> <span class='ocrx_word' id='word_1_65' title='bbox 1281 779 1330 820; x_wconf 93' lang='grc' dir='ltr'>Ι11</span> <span class='ocrx_word' id='word_1_66' title='bbox 1369 779 1593 831; x_wconf 84' lang='lat' dir='ltr'>Florideis,</span> <span class='ocrx_word' id='word_1_67' title='bbox 1626 796 1721 834; x_wconf 59' lang='lat' dir='ltr'>quie</span> <span class='ocrx_word' id='word_1_68' title='bbox 1753 783 1854 836; x_wconf 69' lang='lat' dir='ltr'>ipsa¹</span> 
     </span>
     <span class='ocr_line' id='line_1_10' title="bbox 313 842 1855 899; baseline 0.006 -18"><span class='ocrx_word' id='word_1_69' title='bbox 313 842 682 894; x_wconf 86' lang='lat' dir='ltr'>comprehendunt</span> <span class='ocrx_word' id='word_1_70' title='bbox 727 843 899 896; x_wconf 81' lang='lat' dir='ltr'>plantas</span> <span class='ocrx_word' id='word_1_71' title='bbox 932 844 1187 886; x_wconf 86' lang='lat' dir='ltr'>evolutionis</span> <span class='ocrx_word' id='word_1_72' title='bbox 1219 847 1359 899; x_wconf 78' lang='lat' dir='ltr'>gradu</span> <span class='ocrx_word' id='word_1_73' title='bbox 1390 848 1619 888; x_wconf 83' lang='lat' dir='ltr'>admodum</span> <span class='ocrx_word' id='word_1_74' title='bbox 1653 849 1855 899; x_wconf 81' lang='lat' dir='ltr'>diversas,</span> 
     </span>
     <span class='ocr_line' id='line_1_11' title="bbox 311 912 1854 965; baseline 0.005 -15"><span class='ocrx_word' id='word_1_75' title='bbox 311 915 472 962; x_wconf 86' lang='lat' dir='ltr'>partes,</span> <span class='ocrx_word' id='word_1_76' title='bbox 519 926 626 964; x_wconf 84' lang='lat' dir='ltr'>quas</span> <span class='ocrx_word' id='word_1_77' title='bbox 671 912 876 965; x_wconf 80' lang='lat' dir='ltr'>analogas</span> <span class='ocrx_word' id='word_1_78' title='bbox 924 913 1172 956; x_wconf 57' lang='lat' dir='ltr'>credideris,</span> <span class='ocrx_word' id='word_1_79' title='bbox 1221 930 1302 955; x_wconf 91' lang='grc'><strong>11011</strong></span> <span class='ocrx_word' id='word_1_80' title='bbox 1340 916 1489 957; x_wconf 82' lang='lat' dir='ltr'>iisdem</span> <span class='ocrx_word' id='word_1_81' title='bbox 1528 917 1854 959; x_wconf 80' lang='lat' dir='ltr'>characteribus</span> 
     </span>
     <span class='ocr_line' id='line_1_12' title="bbox 312 978 1854 1037; baseline 0.006 -21"><span class='ocrx_word' id='word_1_82' title='bbox 312 991 478 1030; x_wconf 82' lang='lat' dir='ltr'>semper</span> <span class='ocrx_word' id='word_1_83' title='bbox 525 978 750 1019; x_wconf 73' lang='lat' dir='ltr'>distinctas</span> <span class='ocrx_word' id='word_1_84' title='bbox 799 994 888 1020; x_wconf 79' lang='lat' dir='ltr'>esse</span> <span class='ocrx_word' id='word_1_85' title='bbox 934 981 1037 1021; x_wconf 85' lang='lat' dir='ltr'>mihi</span> <span class='ocrx_word' id='word_1_86' title='bbox 1076 981 1249 1033; x_wconf 79' lang='lat' dir='ltr'>quidem</span> <span class='ocrx_word' id='word_1_87' title='bbox 1283 982 1504 1035; x_wconf 78' lang='lat' dir='ltr'>adparuit3</span> <span class='ocrx_word' id='word_1_88' title='bbox 1552 985 1686 1037; x_wconf 75' lang='lat' dir='ltr'>igitur</span> <span class='ocrx_word' id='word_1_89' title='bbox 1718 986 1854 1026; x_wconf 87' lang='lat' dir='ltr'>multo</span> 
     </span>
     <span class='ocr_line' id='line_1_13' title="bbox 311 1045 1855 1106; baseline 0.006 -22"><span class='ocrx_word' id='word_1_90' title='bbox 311 1045 451 1085; x_wconf 85' lang='lat' dir='ltr'>minus</span> <span class='ocrx_word' id='word_1_91' title='bbox 496 1046 575 1087; x_wconf 86' lang='lat' dir='ltr'>hoc</span> <span class='ocrx_word' id='word_1_92' title='bbox 621 1052 908 1100; x_wconf 75' lang='lat' dir='ltr'>exspectetur,</span> <span class='ocrx_word' id='word_1_93' title='bbox 955 1063 1086 1101; x_wconf 86' lang='lat' dir='ltr'>quum</span> <span class='ocrx_word' id='word_1_94' title='bbox 1126 1049 1177 1090; x_wconf 90' lang='lat' dir='ltr'>de</span> <span class='ocrx_word' id='word_1_95' title='bbox 1214 1049 1376 1102; x_wconf 86' lang='lat' dir='ltr'>plantis</span> <span class='ocrx_word' id='word_1_96' title='bbox 1413 1051 1559 1104; x_wconf 77' lang='lat' dir='ltr'>agitur</span> <span class='ocrx_word' id='word_1_97' title='bbox 1592 1066 1686 1104; x_wconf 75' lang='lat' dir='ltr'>quae</span> <span class='ocrx_word' id='word_1_98' title='bbox 1718 1054 1855 1106; x_wconf 83' lang='lat' dir='ltr'>magis</span> 
     </span>
     <span class='ocr_line' id='line_1_14' title="bbox 312 1112 1852 1171; baseline 0.006 -19"><span class='ocrx_word' id='word_1_99' title='bbox 312 1112 454 1154; x_wconf 84' lang='lat' dir='ltr'>adhuc</span> <span class='ocrx_word' id='word_1_100' title='bbox 500 1114 680 1156; x_wconf 84' lang='lat' dir='ltr'>invicem</span> <span class='ocrx_word' id='word_1_101' title='bbox 728 1115 944 1157; x_wconf 81' lang='lat' dir='ltr'>differant.</span> <span class='ocrx_word' id='word_1_102' title='bbox 1008 1117 1136 1158; x_wconf 83' lang='lat' dir='ltr'>Velut</span> <span class='ocrx_word' id='word_1_103' title='bbox 1182 1118 1225 1157; x_wconf 85' lang='lat' dir='ltr'>in</span> <span class='ocrx_word' id='word_1_104' title='bbox 1265 1122 1496 1171; x_wconf 84' lang='lat' dir='ltr'>systemate</span> <span class='ocrx_word' id='word_1_105' title='bbox 1529 1134 1611 1160; x_wconf 87' lang='lat' dir='ltr'>non</span> <span class='ocrx_word' id='word_1_106' title='bbox 1642 1120 1770 1161; x_wconf 86' lang='lat' dir='ltr'>liceat</span> <span class='ocrx_word' id='word_1_107' title='bbox 1802 1135 1852 1161; x_wconf 75' lang='lat' dir='ltr'>ex</span> 
     </span>
     <span class='ocr_line' id='line_1_15' title="bbox 312 1180 1853 1236; baseline 0.005 -16"><span class='ocrx_word' id='word_1_108' title='bbox 312 1180 637 1223; x_wconf 78' lang='lat' dir='ltr'>characteribus</span> <span class='ocrx_word' id='word_1_109' title='bbox 684 1183 941 1235; x_wconf 86' lang='lat' dir='ltr'>quibusdam</span> <span class='ocrx_word' id='word_1_110' title='bbox 987 1199 1013 1223; x_wconf 74' lang='grc' dir='ltr'>(ι</span> <span class='ocrx_word' id='word_1_111' title='bbox 1050 1186 1197 1236; x_wconf 68' lang='lat' dir='ltr'>priori</span> <span class='ocrx_word' id='word_1_112' title='bbox 1243 1185 1356 1225; x_wconf 85' lang='lat' dir='ltr'>datis</span> <span class='ocrx_word' id='word_1_113' title='bbox 1403 1186 1589 1226; x_wconf 71' lang='lat' dir='ltr'>familias</span> <span class='ocrx_word' id='word_1_114' title='bbox 1631 1188 1853 1229; x_wconf 82' lang='lat' dir='ltr'>naturales</span> 
     </span>
     <span class='ocr_line' id='line_1_16' title="bbox 311 1250 1853 1307; baseline 0.006 -20"><span class='ocrx_word' id='word_1_115' title='bbox 311 1262 573 1301; x_wconf 85' lang='lat' dir='ltr'>componere,</span> <span class='ocrx_word' id='word_1_116' title='bbox 607 1250 670 1291; x_wconf 85' lang='lat' dir='ltr'>ita</span> <span class='ocrx_word' id='word_1_117' title='bbox 702 1265 852 1303; x_wconf 75' lang='lat' dir='ltr'>neque,</span> <span class='ocrx_word' id='word_1_118' title='bbox 886 1265 1017 1303; x_wconf 79' lang='lat' dir='ltr'>quum</span> <span class='ocrx_word' id='word_1_119' title='bbox 1051 1252 1102 1293; x_wconf 90' lang='lat' dir='ltr'>de</span> <span class='ocrx_word' id='word_1_120' title='bbox 1133 1253 1463 1305; x_wconf 80' lang='lat' dir='ltr'>morphologicis</span> <span class='ocrx_word' id='word_1_121' title='bbox 1495 1255 1739 1295; x_wconf 84' lang='lat' dir='ltr'>notionibus</span> <span class='ocrx_word' id='word_1_122' title='bbox 1761 1256 1853 1307; x_wconf 77' lang='lat' dir='ltr'>agi-</span> 
     </span>
     <span class='ocr_line' id='line_1_17' title="bbox 311 1318 1854 1374; baseline 0.006 -19"><span class='ocrx_word' id='word_1_123' title='bbox 311 1319 394 1365; x_wconf 89' lang='lat' dir='ltr'>tur,</span> <span class='ocrx_word' id='word_1_124' title='bbox 428 1331 479 1357; x_wconf 81' lang='lat' dir='ltr'>ex</span> <span class='ocrx_word' id='word_1_125' title='bbox 513 1318 840 1360; x_wconf 85' lang='lat' dir='ltr'>characteribus</span> <span class='ocrx_word' id='word_1_126' title='bbox 873 1320 1131 1373; x_wconf 84' lang='lat' dir='ltr'>quibusdam</span> <span class='ocrx_word' id='word_1_127' title='bbox 1164 1336 1189 1362; x_wconf 86' lang='lat' dir='ltr'>a</span> <span class='ocrx_word' id='word_1_128' title='bbox 1212 1322 1347 1374; x_wconf 80' lang='lat' dir='ltr'>priori</span> <span class='ocrx_word' id='word_1_129' title='bbox 1372 1322 1485 1362; x_wconf 86' lang='lat' dir='ltr'>datis</span> <span class='ocrx_word' id='word_1_130' title='bbox 1507 1322 1702 1364; x_wconf 84' lang='lat' dir='ltr'>decidere</span> <span class='ocrx_word' id='word_1_131' title='bbox 1726 1324 1854 1365; x_wconf 87' lang='lat' dir='ltr'>liceat</span> 
     </span>
     <span class='ocr_line' id='line_1_18' title="bbox 313 1385 1851 1443; baseline 0.006 -19"><span class='ocrx_word' id='word_1_132' title='bbox 313 1385 532 1437; x_wconf 83' lang='lat' dir='ltr'>cujusnam</span> <span class='ocrx_word' id='word_1_133' title='bbox 566 1388 734 1439; x_wconf 77' lang='lat' dir='ltr'>generis</span> <span class='ocrx_word' id='word_1_134' title='bbox 767 1388 854 1428; x_wconf 88' lang='lat' dir='ltr'>sint</span> <span class='ocrx_word' id='word_1_135' title='bbox 885 1392 1031 1441; x_wconf 81' lang='lat' dir='ltr'>partes</span> <span class='ocrx_word' id='word_1_136' title='bbox 1064 1390 1261 1441; x_wconf 77' lang='lat' dir='ltr'>quaedam</span> <span class='ocrx_word' id='word_1_137' title='bbox 1293 1390 1542 1443; x_wconf 88' lang='lat' dir='ltr'>plantarum</span> <span class='ocrx_word' id='word_1_138' title='bbox 1566 1392 1851 1443; x_wconf 73' lang='lat' dir='ltr'>diversarum,</span> 
     </span>
     <span class='ocr_line' id='line_1_19' title="bbox 311 1453 1853 1510; baseline 0.006 -19"><span class='ocrx_word' id='word_1_139' title='bbox 311 1456 353 1491; x_wconf 92' lang='lat' dir='ltr'>et</span> <span class='ocrx_word' id='word_1_140' title='bbox 399 1453 477 1494; x_wconf 89' lang='lat' dir='ltr'>hoc</span> <span class='ocrx_word' id='word_1_141' title='bbox 515 1459 726 1507; x_wconf 80' lang='lat' dir='ltr'>respectu,</span> <span class='ocrx_word' id='word_1_142' title='bbox 766 1470 831 1496; x_wconf 82' lang='lat' dir='ltr'>me</span> <span class='ocrx_word' id='word_1_143' title='bbox 859 1456 1017 1510; x_wconf 80' lang='lat' dir='ltr'>judice,</span> <span class='ocrx_word' id='word_1_144' title='bbox 1050 1471 1203 1510; x_wconf 89' lang='lat' dir='ltr'>parum</span> <span class='ocrx_word' id='word_1_145' title='bbox 1236 1458 1371 1499; x_wconf 83' lang='lat' dir='ltr'>refert</span> <span class='ocrx_word' id='word_1_146' title='bbox 1403 1462 1549 1499; x_wconf 88' lang='lat' dir='ltr'>utrum</span> <span class='ocrx_word' id='word_1_147' title='bbox 1581 1460 1853 1502; x_wconf 88' lang='lat' dir='ltr'>characteres</span> 
     </span>
     <span class='ocr_line' id='line_1_20' title="bbox 309 1520 1852 1577; baseline 0.006 -17"><span class='ocrx_word' id='word_1_148' title='bbox 309 1534 335 1560; x_wconf 84' lang='lat' dir='ltr'>a</span> <span class='ocrx_word' id='word_1_149' title='bbox 381 1520 519 1562; x_wconf 86' lang='lat' dir='ltr'>forma</span> <span class='ocrx_word' id='word_1_150' title='bbox 565 1526 607 1563; x_wconf 87' lang='lat' dir='ltr'>et</span> <span class='ocrx_word' id='word_1_151' title='bbox 653 1527 875 1565; x_wconf 85' lang='lat' dir='ltr'>structura</span> <span class='ocrx_word' id='word_1_152' title='bbox 908 1525 1047 1577; x_wconf 87' lang='lat' dir='ltr'>partis</span> <span class='ocrx_word' id='word_1_153' title='bbox 1074 1525 1164 1577; x_wconf 76' lang='lat' dir='ltr'>jam</span> <span class='ocrx_word' id='word_1_154' title='bbox 1197 1526 1392 1577; x_wconf 76' lang='lat' dir='ltr'>evolutae,</span> <span class='ocrx_word' id='word_1_155' title='bbox 1425 1541 1479 1567; x_wconf 88' lang='lat' dir='ltr'>an</span> <span class='ocrx_word' id='word_1_156' title='bbox 1512 1527 1565 1568; x_wconf 88' lang='lat' dir='ltr'>ab</span> <span class='ocrx_word' id='word_1_157' title='bbox 1597 1528 1852 1569; x_wconf 87' lang='lat' dir='ltr'>evolutionis</span> 
     </span>
     <span class='ocr_line' id='line_1_21' title="bbox 311 1589 1851 1645; baseline 0.007 -19"><span class='ocrx_word' id='word_1_158' title='bbox 311 1602 462 1628; x_wconf 86' lang='lat' dir='ltr'>norma</span> <span class='ocrx_word' id='word_1_159' title='bbox 493 1589 679 1630; x_wconf 66' lang='lat' dir='ltr'>‹hsumti</span> <span class='ocrx_word' id='word_1_160' title='bbox 712 1590 886 1631; x_wconf 84' lang='lat' dir='ltr'>fuerint.</span> <span class='ocrx_word' id='word_1_161' title='bbox 948 1591 1160 1633; x_wconf 86' lang='lat' dir='ltr'>Naturam</span> <span class='ocrx_word' id='word_1_162' title='bbox 1195 1594 1316 1645; x_wconf 78' lang='lat' dir='ltr'>sequi</span> <span class='ocrx_word' id='word_1_163' title='bbox 1349 1598 1543 1634; x_wconf 88' lang='lat' dir='ltr'>nostrum</span> <span class='ocrx_word' id='word_1_164' title='bbox 1576 1599 1658 1644; x_wconf 72' lang='lat' dir='ltr'>est,</span> <span class='ocrx_word' id='word_1_165' title='bbox 1692 1599 1735 1635; x_wconf 65' lang='lat' dir='ltr'>vt-</span> <span class='ocrx_word' id='word_1_166' title='bbox 1763 1596 1851 1637; x_wconf 78' lang='lat' dir='ltr'>haec</span> 
     </span>
     <span class='ocr_line' id='line_1_22' title="bbox 310 1655 1850 1715; baseline 0.008 -22"><span class='ocrx_word' id='word_1_167' title='bbox 310 1655 568 1708; x_wconf 72' lang='lat' dir='ltr'>ubicumque</span> <span class='ocrx_word' id='word_1_168' title='bbox 615 1658 736 1699; x_wconf 86' lang='lat' dir='ltr'>varia</span> <span class='ocrx_word' id='word_1_169' title='bbox 783 1663 912 1712; x_wconf 76' lang='lat' dir='ltr'>atque</span> <span class='ocrx_word' id='word_1_170' title='bbox 959 1660 1172 1701; x_wconf 83' lang='lat' dir='ltr'>ditissima</span> <span class='ocrx_word' id='word_1_171' title='bbox 1219 1662 1367 1710; x_wconf 86' lang='lat' dir='ltr'>modis,</span> <span class='ocrx_word' id='word_1_172' title='bbox 1408 1663 1567 1714; x_wconf 76' lang='lat' dir='ltr'>quibus</span> <span class='ocrx_word' id='word_1_173' title='bbox 1598 1664 1777 1715; x_wconf 75' lang='lat' dir='ltr'>singulae</span> <span class='ocrx_word' id='word_1_174' title='bbox 1808 1668 1850 1705; x_wconf 87' lang='lat' dir='ltr'>et</span> 
     </span>
     <span class='ocr_line' id='line_1_23' title="bbox 308 1724 1851 1781; baseline 0.007 -19"><span class='ocrx_word' id='word_1_175' title='bbox 308 1724 551 1765; x_wconf 55' lang='lat' dir='ltr'>hirmantur</span> <span class='ocrx_word' id='word_1_176' title='bbox 597 1730 639 1767; x_wconf 89' lang='lat' dir='ltr'>et</span> <span class='ocrx_word' id='word_1_177' title='bbox 685 1727 942 1768; x_wconf 89' lang='lat' dir='ltr'>evolvuntur</span> <span class='ocrx_word' id='word_1_178' title='bbox 988 1732 1145 1781; x_wconf 77' lang='lat' dir='ltr'>partes.</span> <span class='ocrx_word' id='word_1_179' title='bbox 1209 1730 1289 1778; x_wconf 74' lang='lat' dir='ltr'>Qui</span> <span class='ocrx_word' id='word_1_180' title='bbox 1329 1745 1428 1770; x_wconf 82' lang='lat' dir='ltr'>vero</span> <span class='ocrx_word' id='word_1_181' title='bbox 1468 1735 1567 1772; x_wconf 90' lang='lat' dir='ltr'>sunt</span> <span class='ocrx_word' id='word_1_182' title='bbox 1598 1732 1640 1772; x_wconf 93' lang='grc'>111</span> <span class='ocrx_word' id='word_1_183' title='bbox 1672 1732 1851 1774; x_wconf 86' lang='lat' dir='ltr'>diversis</span> 
     </span>
     <span class='ocr_line' id='line_1_24' title="bbox 308 1790 1850 1851; baseline 0.008 -21"><span class='ocrx_word' id='word_1_184' title='bbox 308 1790 435 1836; x_wconf 76' lang='lat' dir='ltr'>modi,</span> <span class='ocrx_word' id='word_1_185' title='bbox 485 1806 580 1843; x_wconf 65' lang='lat' dir='ltr'>quwv</span> <span class='ocrx_word' id='word_1_186' title='bbox 618 1798 717 1834; x_wconf 88' lang='lat' dir='ltr'>sunt</span> <span class='ocrx_word' id='word_1_187' title='bbox 755 1809 931 1848; x_wconf 81' lang='lat' dir='ltr'>organa,</span> <span class='ocrx_word' id='word_1_188' title='bbox 965 1796 1122 1847; x_wconf 79' lang='lat' dir='ltr'>quibus</span> <span class='ocrx_word' id='word_1_189' title='bbox 1154 1798 1437 1849; x_wconf 79' lang='lat' dir='ltr'>perficiantur</span> <span class='ocrx_word' id='word_1_190' title='bbox 1467 1798 1706 1841; x_wconf 81' lang='lat' dir='ltr'>functiones</span> <span class='ocrx_word' id='word_1_191' title='bbox 1739 1801 1850 1851; x_wconf 70' lang='lat' dir='ltr'>vitae,</span> 
     </span>
     <span class='ocr_line' id='line_1_25' title="bbox 308 1861 1848 1921; baseline 0.007 -23"><span class='ocrx_word' id='word_1_192' title='bbox 308 1863 439 1900; x_wconf 88' lang='lat' dir='ltr'>antea</span> <span class='ocrx_word' id='word_1_193' title='bbox 485 1861 527 1901; x_wconf 91' lang='lat' dir='ltr'>in</span> <span class='ocrx_word' id='word_1_194' title='bbox 567 1862 746 1914; x_wconf 83' lang='lat' dir='ltr'>singulis</span> <span class='ocrx_word' id='word_1_195' title='bbox 784 1864 1096 1916; x_wconf 76' lang='lat' dir='ltr'>perquirantur</span> <span class='ocrx_word' id='word_1_196' title='bbox 1127 1878 1255 1916; x_wconf 85' lang='lat' dir='ltr'>quam</span> <span class='ocrx_word' id='word_1_197' title='bbox 1289 1870 1454 1907; x_wconf 89' lang='lat' dir='ltr'>certum</span> <span class='ocrx_word' id='word_1_198' title='bbox 1487 1868 1703 1919; x_wconf 83' lang='lat' dir='ltr'>quoddam</span> <span class='ocrx_word' id='word_1_199' title='bbox 1731 1869 1848 1921; x_wconf 84' lang='lat' dir='ltr'>judi-</span> 
     </span>
     <span class='ocr_line' id='line_1_26' title="bbox 308 1927 923 1972; baseline 0.01 -6"><span class='ocrx_word' id='word_1_200' title='bbox 308 1927 421 1967; x_wconf 92' lang='lat' dir='ltr'>cium</span> <span class='ocrx_word' id='word_1_201' title='bbox 453 1927 504 1968; x_wconf 84' lang='lat' dir='ltr'>de</span> <span class='ocrx_word' id='word_1_202' title='bbox 536 1929 587 1969; x_wconf 74' lang='lat' dir='ltr'>iis</span> <span class='ocrx_word' id='word_1_203' title='bbox 619 1929 731 1970; x_wconf 82' lang='lat' dir='ltr'>ferre</span> <span class='ocrx_word' id='word_1_204' title='bbox 765 1930 923 1972; x_wconf 88' lang='lat' dir='ltr'>licebit.</span> 
     </span>
    </p>
   </div>
   <div class='ocr_carea' id='block_1_3' title="bbox 480 2195 1674 2324">
    <p class='ocr_par' dir='ltr' id='par_1_3' title="bbox 480 2195 1674 2324">
     <span class='ocr_line' id='line_1_27' title="bbox 480 2195 1674 2252; baseline 0.008 -15"><span class='ocrx_word' id='word_1_205' title='bbox 480 2195 520 2238; x_wconf 91' lang='grc' dir='ltr'>Ι.</span> <span class='ocrx_word' id='word_1_206' title='bbox 593 2197 669 2239; x_wconf 87' lang='lat' dir='ltr'>De</span> <span class='ocrx_word' id='word_1_207' title='bbox 705 2198 908 2241; x_wconf 85' lang='lat' dir='ltr'>Habitu</span> <span class='ocrx_word' id='word_1_208' title='bbox 947 2201 999 2242; x_wconf 81' lang='lat' dir='ltr'>et</span> <span class='ocrx_word' id='word_1_209' title='bbox 1034 2201 1279 2252; x_wconf 84' lang='lat' dir='ltr'>partibus</span> <span class='ocrx_word' id='word_1_210' title='bbox 1316 2203 1674 2247; x_wconf 83' lang='lat' dir='ltr'>exterioribus</span> 
     </span>
     <span class='ocr_line' id='line_1_28' title="bbox 881 2277 1264 2324; baseline 0.008 -3"><span class='ocrx_word' id='word_1_211' title='bbox 881 2277 1264 2324; x_wconf 86' lang='lat' dir='ltr'>Floridearum.</span> 
     </span>
    </p>
   </div>
   <div class='ocr_carea' id='block_1_4' title="bbox 871 2425 1279 2466">
    <p class='ocr_par' dir='ltr' id='par_1_4' title="bbox 871 2425 1279 2466">
     <span class='ocr_line' id='line_1_29' title="bbox 871 2425 1279 2466; baseline -0.002 -2"><span class='ocrx_word' id='word_1_212' title='bbox 871 2425 906 2465; x_wconf 95' lang='grc' dir='ltr'>Ι.</span> <span class='ocrx_word' id='word_1_213' title='bbox 967 2425 1039 2465; x_wconf 84' lang='lat' dir='ltr'>De</span> <span class='ocrx_word' id='word_1_214' title='bbox 1069 2425 1279 2466; x_wconf 80' lang='lat' dir='ltr'>Habitu.</span> 
     </span>
    </p>
   </div>
   <div class='ocr_carea' id='block_1_5' title="bbox 304 2532 1842 2912">
    <p class='ocr_par' dir='ltr' id='par_1_5' title="bbox 304 2532 1842 2912">
     <span class='ocr_line' id='line_1_30' title="bbox 424 2532 1842 2594; baseline 0.007 -22"><span class='ocrx_word' id='word_1_215' title='bbox 424 2532 500 2572; x_wconf 65' lang='lat' dir='ltr'>vix</span> <span class='ocrx_word' id='word_1_216' title='bbox 534 2533 625 2574; x_wconf 82' lang='lat' dir='ltr'>ulla</span> <span class='ocrx_word' id='word_1_217' title='bbox 656 2537 801 2575; x_wconf 76' lang='lat' dir='ltr'>exstat</span> <span class='ocrx_word' id='word_1_218' title='bbox 834 2535 1132 2577; x_wconf 82' lang='lat' dir='ltr'>Floridearum</span> <span class='ocrx_word' id='word_1_219' title='bbox 1164 2538 1338 2590; x_wconf 81' lang='lat' dir='ltr'>species,</span> <span class='ocrx_word' id='word_1_220' title='bbox 1361 2538 1482 2591; x_wconf 88' lang='lat' dir='ltr'>cujus</span> <span class='ocrx_word' id='word_1_221' title='bbox 1505 2539 1620 2580; x_wconf 79' lang='lat' dir='ltr'>frons</span> <span class='ocrx_word' id='word_1_222' title='bbox 1643 2555 1724 2581; x_wconf 91' lang='grc'><strong>11011</strong></span> <span class='ocrx_word' id='word_1_223' title='bbox 1747 2541 1842 2594; x_wconf 91' lang='lat' dir='ltr'>plu-</span> 
     </span>
     <span class='ocr_line' id='line_1_31' title="bbox 306 2598 1842 2660; baseline 0.008 -24"><span class='ocrx_word' id='word_1_224' title='bbox 306 2598 425 2639; x_wconf 79' lang='lat' dir='ltr'>ribus</span> <span class='ocrx_word' id='word_1_225' title='bbox 470 2600 666 2653; x_wconf 84' lang='lat' dir='ltr'>partibus</span> <span class='ocrx_word' id='word_1_226' title='bbox 712 2603 999 2655; x_wconf 78' lang='lat' dir='ltr'>componitur3</span> <span class='ocrx_word' id='word_1_227' title='bbox 1047 2604 1150 2655; x_wconf 81' lang='lat' dir='ltr'>quin</span> <span class='ocrx_word' id='word_1_228' title='bbox 1197 2605 1324 2647; x_wconf 88' lang='lat' dir='ltr'>immo</span> <span class='ocrx_word' id='word_1_229' title='bbox 1370 2606 1412 2646; x_wconf 91' lang='lat' dir='ltr'>in</span> <span class='ocrx_word' id='word_1_230' title='bbox 1450 2606 1500 2647; x_wconf 83' lang='lat' dir='ltr'>iis</span> <span class='ocrx_word' id='word_1_231' title='bbox 1533 2620 1627 2658; x_wconf 58' lang='lat' dir='ltr'>quac</span> <span class='ocrx_word' id='word_1_232' title='bbox 1660 2607 1842 2660; x_wconf 88' lang='lat' dir='ltr'>simplici</span> 
     </span>
     <span class='ocr_line' id='line_1_32' title="bbox 307 2666 1840 2726; baseline 0.009 -23"><span class='ocrx_word' id='word_1_233' title='bbox 307 2666 444 2706; x_wconf 79' lang='lat' dir='ltr'>vesica</span> <span class='ocrx_word' id='word_1_234' title='bbox 475 2672 671 2709; x_wconf 81' lang='lat' dir='ltr'>constare</span> <span class='ocrx_word' id='word_1_235' title='bbox 705 2668 904 2710; x_wconf 90' lang='lat' dir='ltr'>videntur</span> <span class='ocrx_word' id='word_1_236' title='bbox 933 2670 1244 2722; x_wconf 60' lang='lat' dir='ltr'>(Glozssosaceson</span> <span class='ocrx_word' id='word_1_237' title='bbox 1274 2673 1409 2713; x_wconf 62' lang='lat' dir='ltr'>Ham).</span> <span class='ocrx_word' id='word_1_238' title='bbox 1444 2673 1570 2726; x_wconf 68' lang='lat' dir='ltr'>Pleyc.</span> <span class='ocrx_word' id='word_1_239' title='bbox 1602 2678 1735 2716; x_wconf 57' lang='grc' dir='ltr'>απὸ-ἰν.</span> <span class='ocrx_word' id='word_1_240' title='bbox 1761 2676 1840 2717; x_wconf 68' lang='lat' dir='ltr'>tab.</span> 
     </span>
     <span class='ocr_line' id='line_1_33' title="bbox 304 2734 1840 2794; baseline 0.009 -23"><span class='ocrx_word' id='word_1_241' title='bbox 304 2736 382 2777; x_wconf 64' lang='lat'>83)</span> <span class='ocrx_word' id='word_1_242' title='bbox 429 2734 560 2787; x_wconf 82' lang='lat' dir='ltr'>stipes</span> <span class='ocrx_word' id='word_1_243' title='bbox 604 2736 739 2785; x_wconf 86' lang='lat' dir='ltr'>adest,</span> <span class='ocrx_word' id='word_1_244' title='bbox 787 2741 830 2778; x_wconf 90' lang='lat' dir='ltr'>et</span> <span class='ocrx_word' id='word_1_245' title='bbox 867 2738 910 2778; x_wconf 92' lang='grc'>111</span> <span class='ocrx_word' id='word_1_246' title='bbox 944 2738 1061 2779; x_wconf 91' lang='lat' dir='ltr'>nulla</span> <span class='ocrx_word' id='word_1_247' title='bbox 1093 2741 1266 2792; x_wconf 78' lang='lat' dir='ltr'>cognita</span> <span class='ocrx_word' id='word_1_248' title='bbox 1298 2741 1435 2794; x_wconf 89' lang='lat' dir='ltr'>specie</span> <span class='ocrx_word' id='word_1_249' title='bbox 1467 2741 1738 2782; x_wconf 86' lang='lat' dir='ltr'>desideratur</span> <span class='ocrx_word' id='word_1_250' title='bbox 1772 2758 1840 2785; x_wconf 87' lang='lat' dir='ltr'>ra-</span> 
     </span>
     <span class='ocr_line' id='line_1_34' title="bbox 305 2797 1839 2861; baseline 0.01 -26"><span class='ocrx_word' id='word_1_251' title='bbox 305 2797 391 2848; x_wconf 72' lang='lat' dir='ltr'>dix,</span> <span class='ocrx_word' id='word_1_252' title='bbox 439 2800 472 2839; x_wconf 87' lang='lat' dir='ltr'>si</span> <span class='ocrx_word' id='word_1_253' title='bbox 519 2816 688 2854; x_wconf 83' lang='lat' dir='ltr'>quoque</span> <span class='ocrx_word' id='word_1_254' title='bbox 735 2804 1054 2858; x_wconf 81' lang='lat' dir='ltr'>simplicissima</span> <span class='ocrx_word' id='word_1_255' title='bbox 1100 2807 1169 2847; x_wconf 90' lang='lat' dir='ltr'>sit.</span> <span class='ocrx_word' id='word_1_256' title='bbox 1230 2807 1279 2848; x_wconf 87' lang='lat' dir='ltr'>In</span> <span class='ocrx_word' id='word_1_257' title='bbox 1319 2807 1442 2860; x_wconf 82' lang='lat' dir='ltr'>longe</span> <span class='ocrx_word' id='word_1_258' title='bbox 1489 2808 1686 2861; x_wconf 89' lang='lat' dir='ltr'>plurimis</span> <span class='ocrx_word' id='word_1_259' title='bbox 1722 2810 1839 2851; x_wconf 84' lang='lat' dir='ltr'>frons</span> 
     </span>
     <span class='ocr_line' id='line_1_35' title="bbox 306 2864 1002 2912; baseline 0.016 -10"><span class='ocrx_word' id='word_1_260' title='bbox 306 2864 532 2907; x_wconf 87' lang='lat' dir='ltr'>admodum</span> <span class='ocrx_word' id='word_1_261' title='bbox 567 2871 786 2912; x_wconf 76' lang='lat' dir='ltr'>subdivisa.</span> <span class='ocrx_word' id='word_1_262' title='bbox 817 2872 1002 2912; x_wconf 80' lang='lat' dir='ltr'>obvenit.</span> 
     </span>
    </p>
   </div>
  </div>
 </body>
</html>
