1937 3315
286 190 367 230 200

286 300 584 355 percurrentia
616 298 800 352 duplicis
831 298 1000 351 generis
1031 298 1264 339 observare
1297 297 1477 338 credidi:
1517 298 1603 339 alia
1633 297 1834 338 nimirum

287 368 512 419 crassiora,
558 366 904 421 subregulariter
949 366 1185 408 articulata
1231 370 1274 407 et
1320 365 1651 407 endochromate
1698 365 1835 419 magis

287 437 456 478 evoluto
487 437 722 487 instructa,
769 435 855 476 alia
888 436 1086 477 tenuiora
1116 434 1311 476 articulis
1342 448 1454 475 nune
1485 448 1639 487 parum
1670 434 1834 487 conspi—

286 505 388 555 cuiS,
421 505 755 546 endochromate
786 505 904 545 intra
934 503 1090 545 tubum
1122 503 1416 556 angustiorem
1447 501 1586 555 magis
1617 502 1833 554 inaequali.

286 572 387 613 Haec.
432 572 587 614 ultima
633 572 707 614 fila
750 587 774 613 a
811 571 978 613 cellulis
1024 571 1273 613 rotundatis
1304 569 1554 624 majoribus,
1587 582 1681 622 quae
1713 569 1837 621 quasi

286 640 468 682 limitem
512 642 627 683 inter
673 644 861 683 stratum
898 640 1084 681 interius
1117 644 1159 682 et
1190 638 1393 681 corticale
1426 638 1706 687 constituant,
1740 652 1836 691 pro-

286 709 504 751 venientia
534 713 577 751 et
609 709 755 763 plures
787 709 996 763 ejusmodi
1028 708 1206 751 cellulas
1237 707 1543 761 conjungentia
1573 706 1679 747 mihi
1703 706 1835 759 adpa-

287 781 483 818 rucrunt.
543 777 768 830 Ejusmodi
804 777 878 818 iila
910 792 1080 830 quoque
1113 777 1155 817 in
1186 777 1360 829 Lyffl'ste
1391 774 1478 816 vidi
1509 774 1610 827 (Agl.
1643 774 1721 815 tab.
1753 773 1833 815 IV.

273 846 349 898 ι719.
381 850 408 886 9
438 846 494 899 b),
541 846 583 886 in
617 845 908 898 8611ἰ’«εἰῃηισηὶα
941 845 1034 898 (Ay.
1067 846 1147 886 ίιῑῖ).
1180 845 1259 887 IV.
1280 846 1355 898 ψῃ.
1388 847 1445 886 12
1476 844 1535 898 ct),
1576 843 1620 884 in
1652 843 1836 885 6110ῖο51-

276 914 439 966 plemma
469 913 570 966 (Ay.
593 914 672 955 tab.
705 913 785 955 IV.
807 914 882 967 figs.
915 917 997 965 14),
1030 914 1074 954 in
1106 913 1386 964 Gratclonffl‘a
1416 912 1517 965 (Ass.
1540 911 1621 953 tab.
1653 911 1834 964 VILJff

285 986 312 1024 4
342 986 379 1023 ct
410 986 436 1023 6
466 982 523 1023 ad
552 982 610 1036 72).
671 982 721 1023 In
758 981 1086 1036 Gloiosipbonia
1117 982 1191 1022 fila
1225 980 1451 1027 crassiora,
1484 993 1579 1033 quse
1611 979 1836 1020 interiores

285 1053 432 1104 partes
464 1049 629 1091 frondis
646 1050 849 1103 juvenilis
872 1051 1152 1100 constituant,
1175 1049 1346 1090 facilius
1369 1049 1682 1102 dignoscuntur
1706 1062 1731 1087 a
1752 1046 1836 1087 filis

286 1117 565 1167 tenuioribus,
599 1131 693 1171 queo
728 1118 955 1160 interiores
986 1121 1134 1172 partes
1166 1117 1331 1158 frondis
1363 1115 1589 1157 adultioris
1612 1118 1836 1169 occupant.

286 1185 384 1227 Fila
420 1185 631 1237 tenuiora,
665 1199 759 1238 quae
790 1187 834 1228 in
868 1186 1161 1240 superioribus
1192 1185 1391 1239 partibus
1422 1185 1610 1237 primum
1641 1183 1836 1236 proveni-

287 1256 376 1303 ant,
408 1267 528 1294 secus
560 1253 681 1294 filum
712 1253 827 1295 axile
861 1254 1135 1295 decurrentia
1168 1253 1386 1303 videntur,
1425 1252 1469 1293 in
1498 1251 1698 1305 partibus
1729 1251 1837 1292 infe-

286 1320 472 1362 rioribus
518 1321 636 1361 intra
673 1323 861 1362 stratum
893 1320 1097 1362 corticale
1128 1320 1318 1373 plurima
1350 1319 1522 1369 adsunt,
1555 1322 1741 1359 stratum
1772 1319 1836 1359 111-

288 1389 423 1430 terius
468 1388 556 1430 fere
589 1389 752 1431 diceros
784 1389 881 1430 aliis
916 1389 1101 1430 exclusis
1132 1388 1379 1430 formantia.
1439 1387 1490 1428 In
1523 1386 1681 1428 vicinia
1711 1386 1837 1427 fasci—

287 1457 495 1505 culorum,
543 1457 617 1508 qui
662 1456 825 1498 nucleis
870 1456 1036 1498 fertiles
1082 1457 1286 1507 evadunt,
1325 1470 1436 1509 saxpe
1473 1455 1633 1497 adsunt
1665 1454 1837 1496 interna

287 1525 389 1579 (Ay.
426 1526 508 1566 tab.
546 1525 724 1579 IVfiy.
756 1526 847 1577 14),-
893 1540 1004 1566 nune
1048 1540 1192 1566 ramos
1238 1525 1539 1566 fasciculorum
1581 1523 1837 1578 juvenilium

287 1593 597 1635 moniliforines
627 1594 715 1635 vidi
747 1597 1025 1635 excurrentes
1056 1594 1099 1634 in
1131 1593 1340 1647 ejusmodi
1372 1593 1491 1634 11111111
1522 1592 1623 1645 (Ay.
1653 1592 1732 1633 tub.
1756 1591 1835 1632 IV.

275 1663 350 1715 fiy.
384 1662 469 1715 15),
503 1661 617 1713 quod
644 1661 923 1702 interioribus
956 1660 1091 1702 simile.
1124 1664 1170 1701 at
1200 1660 1330 1701 aliter
1351 1659 1538 1714 positum
1560 1660 1678 1700 finxi.
1729 1659 1837 1700 Mihi

289 1729 462 1783 quidem
494 1729 584 1770 haee
616 1729 689 1770 fila
720 1729 926 1770 videntur
947 1729 1217 1783 potissimum
1239 1729 1424 1783 analoga
1447 1743 1543 1769 cum
1561 1729 1643 1770 filis
1664 1728 1838 1783 hyphae-

289 1798 499 1840 formibus
535 1799 823 1851 fflmoclccdioe,
857 1798 909 1839 de
941 1798 1096 1852 quibus
1128 1798 1288 1839 certius
1321 1801 1512 1839 statuere
1542 1797 1655 1848 licet,
1689 1796 1839 1839 eadem

289 1882 379 1908 csse
403 1867 690 1919 decurrentia,
728 1867 772 1909 in
811 1867 997 1908 maxime
1026 1867 1289 1921 juvenilibus
1320 1866 1520 1920 partibus
1552 1880 1634 1907 non
1665 1865 1837 1906 obveni-

289 1935 419 1986 entia,
466 1936 540 1977 sed
585 1936 801 1989 posterius
840 1940 945 1976 nata
983 1939 1026 1976 et
1063 1936 1107 1976 in
1137 1935 1336 1988 partibus
1367 1933 1642 1975 inferioribus
1674 1933 1839 1975 frondis

290 2006 478 2044 stratum
510 2003 693 2045 interius
725 2004 916 2044 validum
948 2004 1270 2045 constituentia.

402 2070 453 2111 In
491 2085 612 2112 ramo
643 2071 983 2123 Gloz'osv'pleonmr,
1016 2071 1137 2123 eujus
1169 2085 1270 2123 pars
1301 2071 1477 2112 inferior
1508 2071 1592 2112 fuit
1623 2073 1838 2125 cystocar-

289 2139 372 2192 piis
418 2138 809 2179 maturescentibus
847 2137 1019 2187 nodosa,
1053 2138 1239 2179 sectione
1271 2139 1387 2179 facta
1418 2137 1730 2191 longitudinali
1761 2151 1838 2190 per

289 2209 459 2260 partem
504 2205 768 2259 superiorem
815 2205 1078 2258 adparenter
1124 2205 1313 2246 sterilem
1355 2205 1578 2246 observavi
1611 2205 1838 2246 fasciculos

290 2275 435 2328 plures
466 2273 636 2314 filorum
667 2273 1017 2315 monilil'ormium
1049 2273 1151 2326 (Ay.
1183 2261 1261 2314 tal).
1293 2273 1459 2327 Ilfiyzy.
1482 2277 1591 2315 1511
1614 2273 1699 2326 111),
1732 2287 1839 2325 quos

290 2342 431 2383 nuclei
476 2342 616 2395 prima
662 2342 789 2382 initia.
835 2341 1115 2383 consideravi.
1177 2341 1388 2382 Fasciculi
1425 2342 1538 2382 infra
1570 2341 1837 2394 superficiem

290 2410 479 2452 immersi
524 2410 783 2452 constabant
828 2410 912 2452 filis
952 2410 1222 2452 brevioribus
1253 2411 1456 2459 incurvis,
1488 2424 1514 2451 a
1545 2410 1702 2451 cellula
1734 2424 1837 2463 qua—

291 2479 391 2521 dam
422 2478 561 2520 basali
592 2478 935 2531 egredientibus,
968 2478 1081 2520 inter
1114 2478 1203 2520 haee
1233 2478 1306 2519 fila
1338 2478 1515 2519 cellulas
1538 2477 1749 2530 quasdam
1771 2477 1837 2518 in-

291 2550 594 2598 tumescentes,
632 2547 742 2589 alias
779 2548 1032 2589 saturatiori
1064 2547 1396 2589 endoehromate
1427 2548 1603 2598 faretas,
1636 2546 1744 2587 alias
1775 2545 1838 2586 di-

291 2617 402 2658 visas
434 2615 534 2666 vidi,
569 2615 831 2668 cellulasque
863 2615 973 2656 filias
1000 2615 1092 2668 jam
1113 2618 1388 2668 praegnantes
1410 2629 1517 2656 nova
1539 2614 1836 2668 generatione,

293 2684 459 2726 cellula>
490 2686 766 2738 praegnantes
797 2685 874 2724 aut
905 2683 1116 2725 limitibus
1138 2683 1326 2725 extensis
1348 2682 1606 2732 rotundatae,
1630 2685 1706 2723 aut
1723 2681 1836 2722 111111-

293 2753 409 2794 tibus
440 2752 559 2793 novis
592 2755 823 2805 protraetae
855 2751 897 2792 in
919 2751 1038 2793 lobos
1059 2751 1329 2802 inchoantes,
1361 2764 1504 2792 omnes
1525 2749 1721 2802 adposito
1744 2749 1837 2790 Chl.

292 2820 336 2860 Z.
369 2820 492 2862 161116
538 2820 823 2861 fuscescentes
863 2823 938 2860 aut
969 2820 1317 2861 eoerulescentes.
1378 2817 1474 2858 Fila
1503 2817 1637 2869 igitur
1670 2817 1836 2858 monili—

294 2888 448 2928 formia
484 2889 640 2930 sensim
673 2888 714 2928 in
748 2887 920 2929 nucleos
951 2887 1255 2929 transformari
1285 2886 1389 2927 mihi
1420 2885 1626 2938 adparuit
1657 2886 1725 2926 vix
1760 2885 1836 2927 du-
