1937 3315
1553 236 1633 277 ‘2323

97 353 197 392 guin
228 344 453 383 censeatur
483 358 577 384 cum
610 343 777 385 cellulis
807 344 1146 397 placentaribus,
1180 347 1337 399 quibus
1369 349 1411 390 in
1442 348 1539 390 aliis
1570 348 1633 389 fa—

96 406 224 447 miliis
258 407 553 451 Floridearum
591 412 842 453 nutriantur
874 412 1039 454 cellulae
1071 415 1408 467 gennnidiifeue.

206 474 530 517 Gemmidiifera
568 478 640 519 iila
677 483 775 520 sunt
812 480 854 520 in
886 480 1163 522 Gracilurieis
1197 482 1393 524 breviora
1424 487 1467 524 et
1498 486 1634 537 magis

94 555 276 592 ramosa,
309 543 407 584 hinc
438 545 575 597 magis
607 546 893 588 fasciculatim
925 554 1127 602 congesta
1149 550 1246 602 (Ay.
1269 552 1346 592 tal).
1372 552 1633 605 XXIVJJJJ.

93 613 119 650 4
147 610 168 649 b
188 610 268 663 sy..
287 612 363 663 figs.
395 614 422 652 S
443 625 469 651 a
491 615 526 652 et
548 612 601 665 b).
650 613 773 654 Intra
804 615 1010 657 articulos
1042 631 1261 670 supremos
1292 620 1523 672 gennnidia
1545 635 1633 660 nia-

93 677 353 718 tureseentia
399 678 581 731 singula,
620 680 749 732 paulo
780 682 945 734 majora
977 686 1018 724 et
1051 685 1186 737 magis
1217 685 1413 736 obovata,
1445 687 1633 739 plerum-

94 758 175 796 que
207 744 459 798 dignoscere
491 745 592 788 licet
622 748 721 799 (Ay.
755 748 779 788 l.
811 764 843 788 c.
876 753 1004 803 etsiss.
1037 756 1063 792 4
1093 768 1112 791 ι’
1134 753 1264 804 (aly).
1314 754 1485 796 Maturo
1518 770 1633 808 gem-

92 810 222 852 midio
267 811 434 863 emisso,
481 813 597 854 intra
643 815 885 867 proximum
923 817 1153 858 articulum
1185 824 1476 863 maturescere
1507 823 1633 876 czepit

90 893 245 919 novum
289 881 579 933 geminidium,
627 885 669 923 et
715 883 865 924 ordine
903 884 965 924 ita
1006 885 1203 927 deorsum
1236 889 1489 938 procedente
1522 891 1631 933 inse-

90 949 283 998 quuntur
313 947 411 989 alia.
473 949 523 990 In
557 950 738 1004 singulis
769 951 1027 1004 quibusdam
1059 955 1254 996 articulis
1286 957 1371 997 vidi
1394 958 1629 999 endochro—

88 1017 206 1055 mata
236 1015 279 1055 in
300 1020 446 1068 partes
468 1016 614 1070 plures
637 1018 772 1059 divisa
793 1020 895 1072 (Ay.
917 1022 996 1062 tal).
1020 1022 1279 1077 XXHfifiy.
1303 1028 1328 1064 4
1349 1026 1369 1063 l»
1391 1030 1427 1066 (31⁴
1449 1042 1467 1065 c
1484 1027 1541 1067 ad
1559 1031 1631 1078 111),-

87 1082 152 1123 his
183 1084 381 1136 partibus
413 1086 530 1127 novis
562 1088 718 1127 sensim
751 1092 876 1130 extra
898 1088 1056 1131 limites
1078 1090 1242 1132 cellulae
1265 1096 1471 1134 maternze
1494 1109 1629 1136 emer-

86 1151 301 1203 gentibus,
333 1153 405 1194 tila
436 1154 750 1207 gemmidiifera
781 1171 890 1198 nova
922 1158 1102 1199 totidem
1134 1158 1310 1200 formari
1340 1164 1551 1213 putarem.

198 1219 248 1260 In
294 1221 591 1274 Iffllantlealia,
639 1223 821 1265 Curetica
858 1229 901 1267 et
938 1226 1048 1277 aliis7
1081 1227 1236 1280 quibus
1269 1229 1500 1270 sectionem
1532 1245 1627 1283 pro-

85 1287 223 1339 priam
254 1288 656 1331 Melantlmmearum
688 1292 873 1343 condidi⁷
905 1292 1104 1346 placenta
1136 1294 1281 1336 valida
1304 1310 1470 1348 quoque
1492 1297 1628 1348 adest,

86 1354 252 1396 cellulis
297 1358 533 1399 numerosis
579 1359 1058 1414 rotundato-angulatis
1104 1366 1320 1404 contexta.
1382 1363 1475 1405 Fila
1513 1379 1628 1418 geni—

85 1422 301 1465 midiifera
332 1440 357 1465 a
389 1427 609 1478 superficie
641 1427 850 1480 placentae
873 1444 1042 1470 sursum
1064 1431 1296 1482 radiantia,
1320 1435 1418 1472 sunt
1439 1432 1628 1485 plurima

85 1495 127 1532 et
174 1491 422 1535 densissime
468 1495 630 1548 stipata
668 1498 821 1550 saepius
852 1498 1072 1551 przelonga
1104 1499 1234 1539 ramis
1266 1500 1415 1552 paucis
1446 1504 1522 1541 aut
1553 1515 1626 1553 pa-

84 1573 179 1600 rum
217 1560 455 1613 conspicuis
492 1561 581 1603 fere
618 1563 828 1616 simplicia
859 1565 1071 1617 adparent
1103 1566 1204 1619 (Ay.
1235 1567 1313 1607 tab.
1348 1567 1529 1608 XXIII.
1548 1569 1626 1620 ιῙῑζχ.

83 1627 172 1680 10),·
218 1627 260 1666 in
299 1627 500 1670 inferiore
535 1633 660 1682 parte
698 1630 771 1672 fila
802 1632 1075 1684 cylindracea
1105 1635 1253 1686 paucis
1284 1635 1625 1676 anastomosibus

83 1694 262 1735 invicem
293 1699 392 1736 sunt
423 1697 670 1750 conjuncta3
703 1698 746 1739 in
777 1699 995 1752 superiore
1028 1704 1129 1740 sunt
1160 1700 1477 1752 moniliformia,
1509 1716 1624 1755 geni-

83 1761 225 1802 midiis
251 1761 513 1815 juvenilibus
545 1765 793 1807 rotundatis
826 1766 953 1820 longa
985 1768 1093 1809 serie
1126 1769 1405 1821 superpositis
1428 1769 1523 1822 (Ay.
1547 1771 1626 1811 Le.

69 1830 147 1882 fiy.
178 1832 260 1880 11).
321 1830 505 1871 Articuli
538 1833 721 1885 supremi
756 1834 987 1887 gemmidia
1019 1837 1354 1878 maturescentia
1385 1837 1513 1890 paulo
1535 1852 1625 1878 ma—

77 1896 176 1949 jora
218 1896 335 1936 intra
381 1898 675 1940 membranam
721 1900 940 1954 hyalinam
973 1903 1206 1944 continent.
1266 1904 1315 1944 In
1347 1906 1626 1959 cystocarpiis

77 1963 342 2017 juvenilibus
386 1980 497 2007 nune
542 1966 628 2008 vidi
665 1969 863 2010 nucleum
895 1973 1032 2011 strato
1065 1973 1332 2014 concentrieo
1365 1973 1621 2014 cellularum

82 2031 269 2072 cinctum
299 2032 530 2086 &stratum
562 2035 978 2089 circumnucleare’')‚
1012 2039 1132 2092 cujus
1165 2040 1456 2092 dissolutione,
1480 2042 1521 2082 ni
1544 2042 1624 2082 fal—

83 2099 160 2149 lor,
207 2099 365 2142 limites
409 2102 522 2143 inter
556 2104 848 2157 pericarpium
881 2109 923 2146 et
956 2106 1151 2148 nucleum
1183 2108 1384 2149 oriuntur
1415 2108 1622 2159 distincti,

83 2179 216 2207 vacua
252 2171 375 2220 parte
407 2170 756 2224 quandoquidem
788 2172 956 2214 fovente
988 2173 1235 2227 gelatinam,
1268 2189 1397 2228 quam
1428 2176 1624 2230 adposito

76 2234 194 2287 jodio
225 2233 408 2275 colorem
441 2236 651 2289 pallidum
683 2252 899 2281 assumere
932 2240 1031 2280 vidi.
1085 2240 1143 2282 Ut
1173 2242 1310 2295 igitur
1340 2243 1383 2282 in
1407 2243 1624 2284 nonnullis

81 2300 177 2342 aliis
207 2300 446 2344 Generibus
479 2307 665 2346 stratum
697 2307 1061 2349 circmnnucleare
1093 2323 1263 2362 quoque
1295 2310 1337 2350 in
1371 2310 1435 2351 his
1459 2311 1622 2352 videre-

80 2371 154 2409 tur
183 2383 274 2410 esse
307 2372 618 2423 transitorium,
641 2376 683 2414 et
705 2374 921 2427 gelatinae,
944 2376 1035 2428 ejus
1058 2375 1336 2418 dissolutione
1359 2381 1475 2427 eltze,
1495 2392 1621 2429 quas—

81 2436 181 2477 dam
226 2436 280 2478 ad
325 2438 523 2480 nucleum
568 2444 693 2482 extra
724 2443 1014 2496 pericarpinm
1047 2443 1347 2496 expellendum
1380 2445 1619 2487 functiones

81 2504 392 2545 adtribuendas
422 2519 526 2546 esse.

193 2572 315 2621 Quod
346 2573 388 2613 in
421 2573 729 2626 Pleaceloemyw
761 2579 803 2616 et
836 2576 1090 2629 Nieymem'a
1110 2577 1283 2618 obvenit
1306 2580 1620 2633 cystocarpium

80 2639 134 2680 ab
167 2639 263 2680 aliis
294 2640 508 2681 fructibus
540 2641 838 2684 Floridearuni
870 2658 951 2685 non
984 2659 1136 2696 parum
1169 2645 1335 2696 differt3
1369 2661 1433 2688 ine
1460 2647 1618 2699 judice,

80 2708 347 2760 potissimum
394 2722 488 2750 cum
526 2710 669 2751 fructu
701 2711 1109 2753 Melanthaliearum
1143 2718 1427 2767 comparetur.
1489 2716 1620 2757 Fron-

81 2774 177 2816 dem
207 2775 512 2829 Phacelocarpi
544 2777 740 2819 caulibus
774 2780 991 2832 ramisque
1023 2780 1284 2834 ancipitibus
1314 2786 1357 2822 ot
1388 2783 1620 2835 pectinatis

81 2845 291 2893 constare,
330 2843 599 2884 notissimum
637 2849 719 2896 est3
754 2847 978 2900 utriusque
1009 2848 1216 2901 marginis
1249 2848 1397 2889 dentes
1428 2850 1620 2894 alternas

79 2910 315 2961 provenire,
347 2910 472 2952 facile
505 2925 675 2964 quoque
707 2914 1010 2967 conspiciatur.
1071 2916 1118 2956 In
1151 2917 1290 2969 spatio
1325 2917 1440 2959 inter
1471 2919 1618 2963 dentes
