1937 3315
1587 178 1665 219 103

128 313 222 340 rum
269 298 517 353 prolongari
563 297 649 339 vidi
684 296 786 350 (Ay.
824 296 905 337 tab.
943 295 1030 337 III.
1051 296 1127 349 fiq.
1159 296 1249 349 25),
1297 294 1419 346 quasi
1466 293 1665 334 bracteas

128 366 437 409 constituerent
467 365 634 408 cellulis
662 364 918 419 quibusdam
943 378 1072 418 supra
1094 362 1472 413 adscendentibus3
1503 361 1547 402 in
1568 359 1666 402 aliis

129 435 349 490 speciebus
380 435 619 477 evidentius
650 432 899 476 terminales
929 436 1153 487 apparent.

129 562 280 596 (lentius
314 561 572 595 verticillatim
600 572 619 594 a
645 563 765 594 strato
791 558 962 593 corticali
988 557 1269 603 provenientes,
1308 555 1382 600 ipsi
1408 554 1580 600 pluribus
1608 565 1664 586 ar-

130 618 256 653 ticulis
283 618 481 653 constituti
509 617 662 660 (Geram.
688 617 866 655 ciliatmn,
894 616 1010 650 Ηυνυ.
1037 616 1119 649 ibm.
1148 614 1218 648 tab.
1248 616 1350 654 1395
1378 624 1475 646 1111110
1503 610 1666 654 denique

131 676 271 719 singuli
299 680 338 710 01
363 676 560 710 sccundati
587 676 631 708 ab
658 674 829 707 articulis
857 676 993 706 exeunt
1023 674 1091 706 sub
1118 673 1234 705 forma
1262 669 1395 703 ramuli
1416 667 1608 702 articulati
1629 667 1667 700 in

132 734 300 768 aculeum
327 732 564 766 excurrentis
591 734 629 765 et
654 730 824 764 articulis
850 729 1094 763 inferioribus
1115 724 1556 762 01111001110111111011110115
1579 723 1669 765 (Uer.

129 790 415 824 (manchonotum
446 787 564 822 Harv.
592 786 672 821 ibm.
700 786 773 820 tab.
801 788 900 829 140).
952 786 987 819 s'i
1021 785 1141 819 aculei
1168 784 1206 818 in
1231 784 1422 827 prioribus
1449 782 1666 816 tre'chomata

130 846 300 880 referunt
337 844 473 889 rigida,
506 856 552 878 ex
577 844 711 878 ultima
737 842 863 887 specie
889 846 1023 876 contra
1049 841 1154 885 sequi
1182 841 1378 875 videretur
1404 839 1555 873 cosdem
1583 849 1666 873 esse

129 902 292 936 ramulos
332 901 578 936 acutissimos
601 903 639 934 et
665 899 944 944 rigidiusculos,
972 910 1062 941 quos
1092 897 1269 941 analogos
1297 896 1472 930 crederes
1500 907 1582 929 011111
1610 907 1667 928 ra-

128 961 238 994 mulis
267 959 466 1004 apiculatis
493 959 651 993 aliorum
677 967 860 1002 generum
888 954 1109 997 (Crouam'ce,
1135 952 1364 998 Wranyelz‘ae‚
1385 952 1667 996 Callithamniz'),

129 1019 190 1061 qui
218 1016 380 1062 singulis
408 1015 603 1060 speciebus
630 1010 932 1048 characteristici
959 1010 1150 1051 videntur,
1178 1010 1266 1044 dum
1292 1009 1330 1043 in
1356 1009 1439 1043 aliis
1468 1008 1666 1052 speciebus

128 1074 262 1108 ramuli
288 1074 328 1108 in
354 1073 498 1117 apicem
525 1071 735 1106 molliorem
762 1072 800 1103 et
825 1067 1125 1103 obtusiusculum
1153 1067 1344 1101 desinunt.
1392 1066 1495 1100 Idem
1513 1065 1667 1110 probari

127 1136 218 1176 puto
244 1144 264 1165 a
289 1130 443 1165 ramulis
475 1129 637 1164 diversis
666 1127 803 1163 Balziae
827 1125 1053 1167 callitrz'choe,
1081 1136 1238 1169 quorum
1264 1123 1329 1157 alii
1356 1127 1444 1158 sunt
1470 1123 1603 1157 molles
1632 1125 1670 1156 ct

127 1189 265 1230 obtusi,
292 1188 375 1222 aliis
402 1187 442 1221 in
467 1186 612 1231 apicem
640 1185 898 1220 acutissimum
926 1188 964 1217 et
982 1181 1272 1227 rigidiusculum
1296 1178 1563 1214 desinentibus
1585 1177 1669 1222 (Ay.

128 1247 198 1281 tab.
226 1246 306 1280 III.
325 1245 394 1290 fiy.
422 1246 444 1279 6
469 1248 502 1278 et
526 1247 576 1288 7).
625 1244 788 1278 Easdem
827 1240 1061 1277 differentias
1101 1241 1264 1274 offerunt
1303 1240 1448 1283 species
1483 1236 1669 1282 Spyridioe

127 1307 166 1338 01
191 1302 349 1342 Ptilotoe,
375 1302 479 1346 cujus
508 1300 653 1346 species
679 1300 749 1334 1100
774 1302 949 1343 respectu
977 1297 1147 1331 diversas
1168 1297 1245 1341 jam
1274 1307 1388 1340 supra
1414 1294 1644 1329 adumbravi.

216 1360 322 1393 Inter
359 1358 554 1392 Florideas
591 1369 666 1392 non
703 1356 925 1390 articulatas
964 1355 1137 1399 quaedam
1175 1352 1322 1397 species
1360 1353 1405 1386 ob
1444 1352 1669 1395 adparatum

127 1417 288 1461 pilorum
326 1416 529 1450 celebratae
566 1414 731 1448 fuerunt.
778 1414 836 1447 Ita
874 1412 1103 1456 Dusyphloea
1139 1411 1302 1454 insiynis
1339 1421 1359 1443 a
1383 1409 1582 1442 MONTAGNE
1614 1408 1668 1451 (in

134 1474 222 1518 Voy.
250 1473 331 1507 Pol.
360 1472 450 1506 Sud.
472 1483 513 1516 p.
540 1474 615 1506 100
641 1474 675 1505 et
698 1482 777 1516 squ.
808 1470 893 1504 Ταῦ.
931 1469 1042 1503 VIII.
1061 1469 1130 1513 fiy.
1158 1469 1197 1512 3)
1236 1466 1429 1511 descripta
1463 1465 1547 1508 fuit,
1584 1465 1668 1510 ipso

127 1530 277 1566 nomine
303 1529 461 1564 Generis
488 1541 508 1563 a
535 1529 622 1574 pilis
648 1528 779 1572 petito.
815 1527 940 1561 Aliam
964 1527 1080 1561 habet
1106 1525 1257 1559 HARVEY
1286 1523 1550 1568 Dasyplaloecmc
1579 1522 1666 1556 Tas-

127 1588 305 1622 manicam
331 1587 462 1632 (Phye.
490 1590 607 1621 austr.
635 1586 705 1621 tab.
727 1587 822 1630 115),
849 1596 959 1629 quam
985 1585 1032 1619 ob
1059 1582 1294 1618 consimilem
1321 1581 1484 1625 pilorum
1510 1579 1667 1623 adpara-

128 1648 205 1679 tum
233 1657 314 1679 cum
342 1645 466 1689 priore
493 1643 782 1689 congenericam
809 1641 984 1676 credidit.
1033 1641 1141 1674 Illam
1168 1639 1241 1673 filis
1269 1637 1457 1682 elongatis
1485 1640 1523 1670 et
1548 1648 1669 1670 ramo-

128 1702 178 1736 sis
217 1702 347 1744 (ramis
386 1702 424 1735 111
462 1700 606 1745 apicem
643 1700 840 1744 globosum
879 1696 1187 1739 excurrentibus)
1219 1697 1435 1729 contextam
1464 1692 1670 1736 descripsit

126 1759 343 1800 MONTAGNE3
370 1758 467 1802 pilos
487 1769 534 1792 ex
553 1758 714 1792 articulo
732 1756 881 1791 filorum
908 1758 1077 1789 extremo
1103 1753 1282 1787 oriundos
1310 1751 1519 1795 pellucidos
1548 1749 1666 1785 conti-

128 1829 221 1851 nuos
248 1820 286 1850 ct
312 1815 549 1850 acutissimos
577 1813 726 1848 statuit.
765 1813 871 1846 Hanc
896 1812 1056 1846 alteram
1081 1810 1160 1845 fere
1179 1809 1311 1845 eodem
1330 1808 1438 1843 modo
1458 1807 1670 1842 illustravit

127 1873 290 1911 Hiavm,
316 1872 390 1906 nisi
415 1872 515 1916 quod
541 1874 703 1906 stratum
729 1868 908 1904 corticale
937 1867 1085 1902 cellulis
1111 1864 1528 1911 rotundato-angulatis
1547 1864 1668 1909 magis

127 1928 427 1964 coalescentibus
466 1929 678 1967 constaret3
717 1925 815 1971 pilos
849 1923 1088 1959 acutissimos
1114 1922 1271 1967 rigidos,
1298 1921 1538 1967 superficiem
1564 1920 1667 1955 inve-

129 1987 290 2021 stientes
322 1985 541 2030 descripsit.
590 1985 632 2018 In
660 1983 859 2028 Mychodea
888 1982 1171 2021 membranacea,
1199 1991 1281 2024 quae
1309 1991 1404 2013 anne
1431 1990 1514 2012 cum
1541 1979 1671 2022 planta

128 2041 347 2086 Montagnei
386 2042 554 2076 identica
591 2043 693 2075 05501
731 2038 914 2077 dubitavi,
940 2038 1019 2073 vidi
1045 2036 1273 2071 trichomata
1298 2036 1408 2080 paulo
1434 2034 1606 2079 longiora
1632 2037 1671 2068 et

128 2101 254 2135 forsan
291 2099 465 2134 molliora
502 2109 522 2132 a
558 2097 706 2132 cellulis
745 2096 991 2131 interioribus
1031 2094 1142 2129 strati
1180 2092 1372 2129 corticalis
1406 2092 1671 2136 provenientia

131 2159 216 2202 (Ay.
247 2157 333 2190 Ταῦ.
362 2154 490 2189 ΧΧΧ.
509 2155 569 2198 fy.
595 2156 648 2198 9),·
685 2154 749 2188 fila
784 2152 967 2187 nonnulla
1002 2151 1198 2190 interiora,
1235 2150 1336 2183 inter
1373 2150 1530 2184 cellulas
1558 2148 1670 2182 strati

129 2214 320 2249 corticalis
347 2213 578 2254 introducta,
604 2210 643 2244 in
670 2211 846 2245 cellulam
872 2209 1040 2245 basaleni
1066 2207 1144 2253 pili.
1172 2207 1211 2242 ni
1237 2207 1360 2249 fallor,
1386 2205 1577 2241 desinunt.

219 2272 260 2304 In
300 2269 594 2315 Polysiphoniis,
632 2268 836 2311 multisque
874 2266 1153 2301 Rhodomeleis.
1180 2263 1390 2298 Laurencia
1416 2263 1576 2307 aliisque
1603 2263 1670 2296 tri-

129 2328 303 2362 chomata
328 2328 374 2361 ad
399 2327 524 2370 apices
551 2337 739 2360 ramorum
759 2324 985 2368 juvenilium
1013 2334 1113 2367 saepe
1140 2322 1291 2364 adsunt,
1330 2331 1403 2354 una
1428 2331 1511 2353 cum
1537 2319 1670 2353 fronde

131 2396 213 2419 sese
252 2384 452 2418 evolvente
491 2386 529 2417 et
565 2384 610 2416 ab
647 2381 819 2416 articulis
859 2379 1045 2424 supremis
1083 2377 1358 2423 provenientia,
1392 2377 1542 2410 demum
1568 2375 1670 2409 dela-

130 2442 270 2477 bentia,
309 2440 363 2482 (in
399 2439 680 2484 Polysiphoniis
718 2438 857 2472 cellula
892 2436 1080 2477 breviore,
1116 2435 1218 2469 inter
1255 2434 1432 2478 siphones
1472 2433 1669 2476 elongatos

130 2499 273 2533 frondis
312 2498 472 2532 evolutae
511 2496 724 2539 conspicua,
766 2494 880 2528 situm
918 2492 1062 2536 delapsi
1101 2490 1338 2526 trichomatis
1377 2489 1570 2524 indicante
1598 2489 1670 2533 Ay.

133 2556 220 2590 Ταῦ.
249 2553 449 2590 XXXIII.
468 2554 534 2598 fiy.
564 2555 607 2587 14
631 2552 680 2585 ud
704 2553 757 2595 ευ).
795 2552 848 2585 De
874 2551 1007 2584 horum
1034 2549 1247 2584 evolutione
1273 2548 1359 2582 cfrs.
1386 2546 1513 2580 icones
1542 2556 1669 2579 nume-

131 2626 235 2649 rosas
262 2613 301 2646 in
328 2612 419 2655 Kny
445 2609 769 2652 Axillarknospen.
821 2606 1016 2651 Ejusmodi
1054 2605 1279 2639 trichomata
1310 2604 1386 2648 jam
1418 2604 1456 2637 111
1488 2601 1672 2647 plantulis

131 2668 434 2717 germinantibus
472 2664 692 2699 Laurenciae
733 2662 968 2708 pinnatifidae
1006 2661 1207 2707 provenire
1229 2659 1449 2705 jamdudum
1479 2659 1555 2692 vidi
1582 2660 1674 2703 (Ay,

133 2728 295 2772 Propay.
329 2724 415 2769 Azy.
440 2725 481 2758 in
505 2723 586 2757 Act.
613 2722 735 2756 Helm.
761 2723 794 2754 et
818 2719 918 2754 Arm.
943 2719 997 2754 Sc.
1025 2719 1116 2753 Nat.
1143 2717 1226 2752 Act.
1257 2718 1378 2760 1836).
1430 2715 1672 2750 Trichomata

133 2782 473 2817 Rhodomelearum
498 2779 593 2821 folia
621 2778 853 2812 constituere
881 2775 1008 2811 docuit
1034 2773 1193 2818 Naegeli‚
1220 2773 1283 2816 qui
1310 2783 1455 2816 quoquc
1485 2778 1597 2818 urget
1615 2785 1670 2807 ra-

133 2852 212 2874 mos
239 2837 440 2883 provenire
467 2848 486 2869 a
513 2835 671 2879 siphonc
709 2833 883 2875 centrali‚
922 2833 1010 2867 folia
1036 2844 1056 2866 a
1082 2829 1304 2874 siphonibus
1344 2828 1672 2872 periccntralibus,

134 2896 360 2931 trichomata
397 2893 547 2938 (quibus
587 2891 750 2927 rhizinas
790 2894 828 2925 01
865 2891 956 2925 alios
985 2890 1081 2935 pilos
1110 2888 1347 2930 adnumerat)
1375 2897 1395 2919 a
1421 2886 1559 2920 cellula
1586 2898 1670 2932 qua-
