<?xml version="1.0" encoding="UTF-8"?>
<!DOCTYPE html PUBLIC "-//W3C//DTD XHTML 1.0 Transitional//EN"
    "http://www.w3.org/TR/xhtml1/DTD/xhtml1-transitional.dtd">
<html xmlns="http://www.w3.org/1999/xhtml" xml:lang="en" lang="en">
 <head>
  <title>
</title>
<meta http-equiv="Content-Type" content="text/html;charset=utf-8" />
  <meta name='ocr-system' content='tesseract 3.04.00' />
  <meta name='ocr-capabilities' content='ocr_page ocr_carea ocr_par ocr_line ocrx_word'/>
</head>
<body>
  <div class='ocr_page' id='page_1' title='image "./speciesgeneraeto0302agar_0089.png"; bbox 0 0 1937 3315; ppageno 0'>
   <div class='ocr_carea' id='block_1_1' title="bbox 171 327 1524 374">
    <p class='ocr_par' dir='ltr' id='par_1_1' title="bbox 171 327 1524 374">
     <span class='ocr_line' id='line_1_1' title="bbox 171 327 1524 374; baseline -0.007 0"><span class='ocrx_word' id='word_1_1' title='bbox 171 333 254 374; x_wconf 89' lang='lat' dir='ltr'>IX.</span> <span class='ocrx_word' id='word_1_2' title='bbox 314 333 387 373; x_wconf 90' lang='lat' dir='ltr'>De</span> <span class='ocrx_word' id='word_1_3' title='bbox 417 332 623 373; x_wconf 87' lang='lat' dir='ltr'>diverso</span> <span class='ocrx_word' id='word_1_4' title='bbox 654 328 984 371; x_wconf 83' lang='lat' dir='ltr'>formationis</span> <span class='ocrx_word' id='word_1_5' title='bbox 1015 328 1166 369; x_wconf 86' lang='lat' dir='ltr'>modo</span> <span class='ocrx_word' id='word_1_6' title='bbox 1197 327 1524 367; x_wconf 83' lang='lat' dir='ltr'>cellularum.</span> 
     </span>
    </p>
   </div>
   <div class='ocr_carea' id='block_1_2' title="bbox 80 436 1635 2529">
    <p class='ocr_par' dir='ltr' id='par_1_2' title="bbox 80 436 1621 1101">
     <span class='ocr_line' id='line_1_2' title="bbox 196 436 1617 496; baseline -0.006 -13"><span class='ocrx_word' id='word_1_7' title='bbox 196 444 245 484; x_wconf 92' lang='lat' dir='ltr'>In</span> <span class='ocrx_word' id='word_1_8' title='bbox 278 442 413 495; x_wconf 72' lang='lat' dir='ltr'>Algis,</span> <span class='ocrx_word' id='word_1_9' title='bbox 446 456 628 496; x_wconf 88' lang='lat' dir='ltr'>quarum</span> <span class='ocrx_word' id='word_1_10' title='bbox 660 446 803 495; x_wconf 77' lang='lat' dir='ltr'>partes</span> <span class='ocrx_word' id='word_1_11' title='bbox 835 440 1071 482; x_wconf 68' lang='lat' dir='ltr'>exteriores</span> <span class='ocrx_word' id='word_1_12' title='bbox 1099 453 1209 492; x_wconf 80' lang='lat' dir='ltr'>sa=pe</span> <span class='ocrx_word' id='word_1_13' title='bbox 1233 442 1430 479; x_wconf 83' lang='lat' dir='ltr'>constant</span> <span class='ocrx_word' id='word_1_14' title='bbox 1452 436 1617 477; x_wconf 75' lang='lat' dir='ltr'>cellulis</span> 
     </span>
     <span class='ocr_line' id='line_1_3' title="bbox 80 505 1615 564; baseline -0.002 -13"><span class='ocrx_word' id='word_1_15' title='bbox 80 510 267 564; x_wconf 91' lang='lat' dir='ltr'>simplici</span> <span class='ocrx_word' id='word_1_16' title='bbox 300 511 408 551; x_wconf 83' lang='lat' dir='ltr'>serie</span> <span class='ocrx_word' id='word_1_17' title='bbox 440 509 735 563; x_wconf 64' lang='lat' dir='ltr'>superpositis,</span> <span class='ocrx_word' id='word_1_18' title='bbox 767 508 937 549; x_wconf 81' lang='lat' dir='ltr'>facilius</span> <span class='ocrx_word' id='word_1_19' title='bbox 959 508 1244 549; x_wconf 87' lang='lat' dir='ltr'>observantur</span> <span class='ocrx_word' id='word_1_20' title='bbox 1265 505 1615 548; x_wconf 73' lang='lat' dir='ltr'>nmdifioationes.</span> 
     </span>
     <span class='ocr_line' id='line_1_4' title="bbox 83 573 1617 632; baseline -0.005 -13"><span class='ocrx_word' id='word_1_21' title='bbox 83 593 176 632; x_wconf 80' lang='lat' dir='ltr'>quae</span> <span class='ocrx_word' id='word_1_22' title='bbox 222 578 265 618; x_wconf 91' lang='lat' dir='ltr'>in</span> <span class='ocrx_word' id='word_1_23' title='bbox 310 577 579 619; x_wconf 78' lang='lat' dir='ltr'>formationis</span> <span class='ocrx_word' id='word_1_24' title='bbox 625 577 748 618; x_wconf 90' lang='lat' dir='ltr'>modo</span> <span class='ocrx_word' id='word_1_25' title='bbox 794 575 1050 616; x_wconf 70' lang='lat' dir='ltr'>cellularum</span> <span class='ocrx_word' id='word_1_26' title='bbox 1087 578 1278 620; x_wconf 80' lang='lat' dir='ltr'>exstant;</span> <span class='ocrx_word' id='word_1_27' title='bbox 1324 575 1367 614; x_wconf 90' lang='lat' dir='ltr'>in</span> <span class='ocrx_word' id='word_1_28' title='bbox 1402 573 1617 626; x_wconf 41' lang='grc' dir='ltr'>Δ11931111·</span> 
     </span>
     <span class='ocr_line' id='line_1_5' title="bbox 83 641 1617 698; baseline -0.003 -13"><span class='ocrx_word' id='word_1_29' title='bbox 83 659 253 698; x_wconf 84' lang='lat' dir='ltr'>quoque</span> <span class='ocrx_word' id='word_1_30' title='bbox 300 645 518 697; x_wconf 77' lang='lat' dir='ltr'>propriam</span> <span class='ocrx_word' id='word_1_31' title='bbox 564 644 645 683; x_wconf 85' lang='lat' dir='ltr'>sibi</span> <span class='ocrx_word' id='word_1_32' title='bbox 691 643 912 683; x_wconf 88' lang='lat' dir='ltr'>vindicant</span> <span class='ocrx_word' id='word_1_33' title='bbox 958 643 1327 695; x_wconf 76' lang='lat' dir='ltr'>significationem,</span> <span class='ocrx_word' id='word_1_34' title='bbox 1360 655 1490 694; x_wconf 83' lang='lat' dir='ltr'>quum</span> <span class='ocrx_word' id='word_1_35' title='bbox 1523 641 1617 681; x_wconf 65' lang='lat' dir='ltr'>alia(-</span> 
     </span>
     <span class='ocr_line' id='line_1_6' title="bbox 84 710 1619 765; baseline -0.003 -11"><span class='ocrx_word' id='word_1_36' title='bbox 84 716 181 754; x_wconf 84' lang='lat' dir='ltr'>sunt</span> <span class='ocrx_word' id='word_1_37' title='bbox 214 725 308 764; x_wconf 78' lang='lat' dir='ltr'>quae</span> <span class='ocrx_word' id='word_1_38' title='bbox 340 711 622 765; x_wconf 85' lang='lat' dir='ltr'>perficiantur</span> <span class='ocrx_word' id='word_1_39' title='bbox 653 714 700 751; x_wconf 92' lang='lat' dir='ltr'>ut</span> <span class='ocrx_word' id='word_1_40' title='bbox 733 711 874 763; x_wconf 73' lang='lat' dir='ltr'>ligura</span> <span class='ocrx_word' id='word_1_41' title='bbox 904 711 1057 761; x_wconf 78' lang='lat' dir='ltr'>cuique</span> <span class='ocrx_word' id='word_1_42' title='bbox 1088 714 1189 763; x_wconf 85' lang='lat' dir='ltr'>typo</span> <span class='ocrx_word' id='word_1_43' title='bbox 1221 710 1394 763; x_wconf 83' lang='lat' dir='ltr'>propria</span> <span class='ocrx_word' id='word_1_44' title='bbox 1426 710 1619 750; x_wconf 83' lang='lat' dir='ltr'>obtinea-</span> 
     </span>
     <span class='ocr_line' id='line_1_7' title="bbox 84 777 1620 831; baseline -0.003 -11"><span class='ocrx_word' id='word_1_45' title='bbox 84 784 169 827; x_wconf 84' lang='lat' dir='ltr'>tur,</span> <span class='ocrx_word' id='word_1_46' title='bbox 202 779 297 820; x_wconf 72' lang='lat' dir='ltr'>aliae</span> <span class='ocrx_word' id='word_1_47' title='bbox 330 792 424 831; x_wconf 74' lang='lat' dir='ltr'>quae</span> <span class='ocrx_word' id='word_1_48' title='bbox 457 778 769 819; x_wconf 85' lang='lat' dir='ltr'>incrementum</span> <span class='ocrx_word' id='word_1_49' title='bbox 797 777 1009 817; x_wconf 83' lang='lat' dir='ltr'>individui</span> <span class='ocrx_word' id='word_1_50' title='bbox 1032 781 1107 818; x_wconf 88' lang='lat' dir='ltr'>aut</span> <span class='ocrx_word' id='word_1_51' title='bbox 1128 778 1266 829; x_wconf 83' lang='lat' dir='ltr'>partis</span> <span class='ocrx_word' id='word_1_52' title='bbox 1288 777 1511 829; x_wconf 81' lang='lat' dir='ltr'>cujusdam</span> <span class='ocrx_word' id='word_1_53' title='bbox 1530 777 1620 830; x_wconf 86' lang='lat' dir='ltr'>jam</span> 
     </span>
     <span class='ocr_line' id='line_1_8' title="bbox 85 844 1621 899; baseline -0.004 -10"><span class='ocrx_word' id='word_1_54' title='bbox 85 848 295 889; x_wconf 61' lang='lat' dir='ltr'>inchoata}</span> <span class='ocrx_word' id='word_1_55' title='bbox 342 849 550 899; x_wconf 87' lang='lat' dir='ltr'>spectant.</span> <span class='ocrx_word' id='word_1_56' title='bbox 597 845 693 886; x_wconf 72' lang='lat' dir='ltr'>aliae</span> <span class='ocrx_word' id='word_1_57' title='bbox 740 844 893 897; x_wconf 87' lang='lat' dir='ltr'>quibus</span> <span class='ocrx_word' id='word_1_58' title='bbox 934 858 1034 896; x_wconf 84' lang='lat' dir='ltr'>pars</span> <span class='ocrx_word' id='word_1_59' title='bbox 1067 844 1263 896; x_wconf 62' lang='lat' dir='ltr'>quzedam</span> <span class='ocrx_word' id='word_1_60' title='bbox 1295 845 1483 885; x_wconf 76' lang='lat' dir='ltr'>exterior</span> <span class='ocrx_word' id='word_1_61' title='bbox 1515 858 1621 885; x_wconf 86' lang='lat' dir='ltr'>nova</span> 
     </span>
     <span class='ocr_line' id='line_1_9' title="bbox 85 911 1621 969; baseline -0.003 -13"><span class='ocrx_word' id='word_1_62' title='bbox 85 916 330 969; x_wconf 75' lang='lat' dir='ltr'>incipiatur,</span> <span class='ocrx_word' id='word_1_63' title='bbox 377 918 454 955; x_wconf 89' lang='lat' dir='ltr'>aut</span> <span class='ocrx_word' id='word_1_64' title='bbox 498 927 654 955; x_wconf 80' lang='lat' dir='ltr'>novum</span> <span class='ocrx_word' id='word_1_65' title='bbox 700 912 916 965; x_wconf 79' lang='lat' dir='ltr'>quoddam</span> <span class='ocrx_word' id='word_1_66' title='bbox 948 915 1134 952; x_wconf 86' lang='lat' dir='ltr'>stratum</span> <span class='ocrx_word' id='word_1_67' title='bbox 1166 912 1208 951; x_wconf 93' lang='lat' dir='ltr'>in</span> <span class='ocrx_word' id='word_1_68' title='bbox 1240 915 1364 963; x_wconf 77' lang='lat' dir='ltr'>parte</span> <span class='ocrx_word' id='word_1_69' title='bbox 1390 911 1479 963; x_wconf 81' lang='lat' dir='ltr'>jam</span> <span class='ocrx_word' id='word_1_70' title='bbox 1513 925 1621 964; x_wconf 39' lang='lat' dir='ltr'>praa</span> 
     </span>
     <span class='ocr_line' id='line_1_10' title="bbox 83 979 1621 1031; baseline -0.003 -6"><span class='ocrx_word' id='word_1_71' title='bbox 83 985 295 1025; x_wconf 75' lang='lat' dir='ltr'>existente</span> <span class='ocrx_word' id='word_1_72' title='bbox 341 983 520 1024; x_wconf 88' lang='lat' dir='ltr'>oriatur.</span> <span class='ocrx_word' id='word_1_73' title='bbox 580 982 641 1022; x_wconf 88' lang='lat' dir='ltr'>De</span> <span class='ocrx_word' id='word_1_74' title='bbox 688 981 868 1022; x_wconf 87' lang='lat' dir='ltr'>diversis</span> <span class='ocrx_word' id='word_1_75' title='bbox 914 980 978 1020; x_wconf 91' lang='lat' dir='ltr'>his</span> <span class='ocrx_word' id='word_1_76' title='bbox 1017 979 1419 1021; x_wconf 81' lang='lat' dir='ltr'>modificationibus.</span> <span class='ocrx_word' id='word_1_77' title='bbox 1454 994 1546 1031; x_wconf 67' lang='lat' dir='ltr'>quae</span> <span class='ocrx_word' id='word_1_78' title='bbox 1579 980 1621 1020; x_wconf 93' lang='lat' dir='ltr'>in</span> 
     </span>
     <span class='ocr_line' id='line_1_11' title="bbox 86 1046 1190 1101; baseline -0.005 -9"><span class='ocrx_word' id='word_1_79' title='bbox 86 1051 295 1092; x_wconf 83' lang='lat' dir='ltr'>Florideis</span> <span class='ocrx_word' id='word_1_80' title='bbox 327 1050 564 1100; x_wconf 76' lang='lat' dir='ltr'>observavi,</span> <span class='ocrx_word' id='word_1_81' title='bbox 597 1050 674 1090; x_wconf 93' lang='lat' dir='ltr'>hoc</span> <span class='ocrx_word' id='word_1_82' title='bbox 706 1048 796 1089; x_wconf 80' lang='lat' dir='ltr'>loco</span> <span class='ocrx_word' id='word_1_83' title='bbox 827 1061 966 1101; x_wconf 85' lang='lat' dir='ltr'>pauca</span> <span class='ocrx_word' id='word_1_84' title='bbox 998 1046 1190 1088; x_wconf 82' lang='lat' dir='ltr'>afferam.</span> 
     </span>
    </p>

    <p class='ocr_par' dir='ltr' id='par_1_3' title="bbox 84 1114 1635 2529">
     <span class='ocr_line' id='line_1_12' title="bbox 199 1114 1623 1169; baseline -0.004 -10"><span class='ocrx_word' id='word_1_85' title='bbox 199 1133 237 1159; x_wconf 86' lang='lat' dir='ltr'>a.</span> <span class='ocrx_word' id='word_1_86' title='bbox 282 1118 348 1159; x_wconf 70' lang='lat' dir='ltr'>Dc</span> <span class='ocrx_word' id='word_1_87' title='bbox 378 1119 539 1159; x_wconf 60' lang='lat' dir='ltr'>cellulis</span> <span class='ocrx_word' id='word_1_88' title='bbox 569 1118 774 1158; x_wconf 62' lang='lat' dir='ltr'>divisione</span> <span class='ocrx_word' id='word_1_89' title='bbox 792 1116 1015 1169; x_wconf 66' lang='lat' dir='ltr'>formatis.</span> <span class='ocrx_word' id='word_1_90' title='bbox 1062 1114 1254 1155; x_wconf 86' lang='lat' dir='ltr'>Cellulas</span> <span class='ocrx_word' id='word_1_91' title='bbox 1284 1128 1416 1154; x_wconf 84' lang='lat' dir='ltr'>novas</span> <span class='ocrx_word' id='word_1_92' title='bbox 1447 1114 1623 1154; x_wconf 84' lang='lat' dir='ltr'>formari</span> 
     </span>
     <span class='ocr_line' id='line_1_13' title="bbox 84 1183 1623 1239; baseline -0.003 -12"><span class='ocrx_word' id='word_1_93' title='bbox 84 1187 271 1239; x_wconf 78' lang='lat' dir='ltr'>incipere</span> <span class='ocrx_word' id='word_1_94' title='bbox 304 1185 649 1239; x_wconf 82' lang='lat' dir='ltr'>diaphragmate,</span> <span class='ocrx_word' id='word_1_95' title='bbox 683 1199 707 1225; x_wconf 85' lang='lat' dir='ltr'>a</span> <span class='ocrx_word' id='word_1_96' title='bbox 735 1185 902 1237; x_wconf 81' lang='lat' dir='ltr'>pariete</span> <span class='ocrx_word' id='word_1_97' title='bbox 923 1183 1087 1224; x_wconf 72' lang='lat' dir='ltr'>cellula¹</span> <span class='ocrx_word' id='word_1_98' title='bbox 1110 1186 1316 1223; x_wconf 66' lang='lat' dir='ltr'>materna*</span> <span class='ocrx_word' id='word_1_99' title='bbox 1340 1186 1623 1226; x_wconf 71' lang='lat' dir='ltr'>excrescente,</span> 
     </span>
     <span class='ocr_line' id='line_1_14' title="bbox 85 1248 1625 1308; baseline -0.004 -13"><span class='ocrx_word' id='word_1_100' title='bbox 85 1268 319 1308; x_wconf 83' lang='lat' dir='ltr'>numquam</span> <span class='ocrx_word' id='word_1_101' title='bbox 365 1254 469 1294; x_wconf 90' lang='lat' dir='ltr'>mihi</span> <span class='ocrx_word' id='word_1_102' title='bbox 514 1252 696 1305; x_wconf 84' lang='lat' dir='ltr'>contigit</span> <span class='ocrx_word' id='word_1_103' title='bbox 741 1256 862 1293; x_wconf 87' lang='lat' dir='ltr'>certa</span> <span class='ocrx_word' id='word_1_104' title='bbox 907 1251 1205 1292; x_wconf 81' lang='lat' dir='ltr'>observatione</span> <span class='ocrx_word' id='word_1_105' title='bbox 1253 1249 1410 1290; x_wconf 83' lang='lat' dir='ltr'>videre.</span> <span class='ocrx_word' id='word_1_106' title='bbox 1471 1248 1535 1289; x_wconf 81' lang='lat' dir='ltr'>Ex</span> <span class='ocrx_word' id='word_1_107' title='bbox 1573 1249 1625 1289; x_wconf 88' lang='lat' dir='ltr'>iis</span> 
     </span>
     <span class='ocr_line' id='line_1_15' title="bbox 87 1318 1626 1376; baseline -0.004 -13"><span class='ocrx_word' id='word_1_108' title='bbox 87 1337 180 1376; x_wconf 60' lang='lat' dir='ltr'>qua}</span> <span class='ocrx_word' id='word_1_109' title='bbox 226 1323 448 1364; x_wconf 80' lang='lat' dir='ltr'>observavi</span> <span class='ocrx_word' id='word_1_110' title='bbox 493 1322 636 1375; x_wconf 84' lang='lat' dir='ltr'>potius</span> <span class='ocrx_word' id='word_1_111' title='bbox 682 1320 891 1361; x_wconf 86' lang='lat' dir='ltr'>deducere</span> <span class='ocrx_word' id='word_1_112' title='bbox 938 1319 1090 1360; x_wconf 89' lang='lat' dir='ltr'>vellem</span> <span class='ocrx_word' id='word_1_113' title='bbox 1127 1318 1309 1360; x_wconf 83' lang='lat' dir='ltr'>cellulas</span> <span class='ocrx_word' id='word_1_114' title='bbox 1341 1333 1482 1363; x_wconf 78' lang='lat' dir='ltr'>novas,</span> <span class='ocrx_word' id='word_1_115' title='bbox 1516 1332 1626 1370; x_wconf 82' lang='lat' dir='ltr'>quas</span> 
     </span>
     <span class='ocr_line' id='line_1_16' title="bbox 86 1385 1627 1444; baseline -0.004 -13"><span class='ocrx_word' id='word_1_116' title='bbox 86 1394 236 1444; x_wconf 87' lang='lat' dir='ltr'>postea</span> <span class='ocrx_word' id='word_1_117' title='bbox 266 1390 359 1431; x_wconf 86' lang='lat' dir='ltr'>loco</span> <span class='ocrx_word' id='word_1_118' title='bbox 390 1390 515 1430; x_wconf 87' lang='lat' dir='ltr'>unius</span> <span class='ocrx_word' id='word_1_119' title='bbox 546 1392 778 1442; x_wconf 72' lang='lat' dir='ltr'>praesentes</span> <span class='ocrx_word' id='word_1_120' title='bbox 810 1387 910 1438; x_wconf 85' lang='lat' dir='ltr'>vidi,</span> <span class='ocrx_word' id='word_1_121' title='bbox 943 1387 1198 1428; x_wconf 75' lang='lat' dir='ltr'>formatione</span> <span class='ocrx_word' id='word_1_122' title='bbox 1231 1386 1370 1427; x_wconf 81' lang='lat' dir='ltr'>libera</span> <span class='ocrx_word' id='word_1_123' title='bbox 1406 1389 1454 1426; x_wconf 93' lang='lat' dir='ltr'>ut</span> <span class='ocrx_word' id='word_1_124' title='bbox 1477 1385 1627 1425; x_wconf 89' lang='lat' dir='ltr'>dicunt</span> 
     </span>
     <span class='ocr_line' id='line_1_17' title="bbox 87 1454 1627 1511; baseline -0.004 -11"><span class='ocrx_word' id='word_1_125' title='bbox 87 1463 227 1509; x_wconf 64' lang='lat' dir='ltr'>natas,</span> <span class='ocrx_word' id='word_1_126' title='bbox 272 1459 387 1511; x_wconf 86' lang='lat' dir='ltr'>ipsas</span> <span class='ocrx_word' id='word_1_127' title='bbox 433 1457 663 1498; x_wconf 81' lang='lat' dir='ltr'>exsudasse</span> <span class='ocrx_word' id='word_1_128' title='bbox 708 1456 1031 1498; x_wconf 79' lang='lat' dir='ltr'>membranulas</span> <span class='ocrx_word' id='word_1_129' title='bbox 1062 1469 1246 1507; x_wconf 84' lang='lat' dir='ltr'>quarum</span> <span class='ocrx_word' id='word_1_130' title='bbox 1277 1455 1503 1496; x_wconf 88' lang='lat' dir='ltr'>coalitione</span> <span class='ocrx_word' id='word_1_131' title='bbox 1535 1454 1627 1495; x_wconf 90' lang='lat' dir='ltr'>dia-</span> 
     </span>
     <span class='ocr_line' id='line_1_18' title="bbox 87 1523 1627 1581; baseline -0.004 -13"><span class='ocrx_word' id='word_1_132' title='bbox 87 1527 299 1581; x_wconf 76' lang='lat' dir='ltr'>phragma</span> <span class='ocrx_word' id='word_1_133' title='bbox 344 1526 569 1566; x_wconf 88' lang='lat' dir='ltr'>formatur.</span> <span class='ocrx_word' id='word_1_134' title='bbox 630 1525 855 1578; x_wconf 89' lang='lat' dir='ltr'>Ejusmodi</span> <span class='ocrx_word' id='word_1_135' title='bbox 900 1524 1079 1565; x_wconf 80' lang='lat' dir='ltr'>cellulas</span> <span class='ocrx_word' id='word_1_136' title='bbox 1124 1537 1255 1564; x_wconf 88' lang='lat' dir='ltr'>novas</span> <span class='ocrx_word' id='word_1_137' title='bbox 1300 1523 1479 1564; x_wconf 83' lang='lat' dir='ltr'>formari</span> <span class='ocrx_word' id='word_1_138' title='bbox 1518 1536 1627 1575; x_wconf 61' lang='lat' dir='ltr'>pra*-</span> 
     </span>
     <span class='ocr_line' id='line_1_19' title="bbox 86 1590 1628 1642; baseline -0.003 -7"><span class='ocrx_word' id='word_1_139' title='bbox 86 1598 214 1636; x_wconf 87' lang='lat' dir='ltr'>eunte</span> <span class='ocrx_word' id='word_1_140' title='bbox 261 1594 470 1635; x_wconf 88' lang='lat' dir='ltr'>divisione</span> <span class='ocrx_word' id='word_1_141' title='bbox 516 1593 655 1634; x_wconf 81' lang='lat' dir='ltr'>nuclei</span> <span class='ocrx_word' id='word_1_142' title='bbox 691 1592 855 1634; x_wconf 80' lang='lat' dir='ltr'>cellulae</span> <span class='ocrx_word' id='word_1_143' title='bbox 886 1592 1093 1642; x_wconf 81' lang='lat' dir='ltr'>matricis,</span> <span class='ocrx_word' id='word_1_144' title='bbox 1126 1591 1296 1632; x_wconf 78' lang='lat' dir='ltr'>facilius</span> <span class='ocrx_word' id='word_1_145' title='bbox 1328 1591 1372 1631; x_wconf 91' lang='lat' dir='ltr'>in</span> <span class='ocrx_word' id='word_1_146' title='bbox 1406 1590 1628 1632; x_wconf 80' lang='lat' dir='ltr'>nonnullis</span> 
     </span>
     <span class='ocr_line' id='line_1_20' title="bbox 87 1658 1628 1713; baseline -0.003 -10"><span class='ocrx_word' id='word_1_147' title='bbox 87 1663 362 1713; x_wconf 70' lang='lat' dir='ltr'>observatur,</span> <span class='ocrx_word' id='word_1_148' title='bbox 408 1662 451 1702; x_wconf 89' lang='lat' dir='ltr'>in</span> <span class='ocrx_word' id='word_1_149' title='bbox 497 1661 595 1702; x_wconf 86' lang='lat' dir='ltr'>aliis</span> <span class='ocrx_word' id='word_1_150' title='bbox 640 1660 837 1701; x_wconf 89' lang='lat' dir='ltr'>nucleum</span> <span class='ocrx_word' id='word_1_151' title='bbox 884 1659 1051 1700; x_wconf 88' lang='lat' dir='ltr'>nullum</span> <span class='ocrx_word' id='word_1_152' title='bbox 1097 1660 1240 1700; x_wconf 79' lang='lat' dir='ltr'>videre</span> <span class='ocrx_word' id='word_1_153' title='bbox 1287 1658 1390 1699; x_wconf 82' lang='lat' dir='ltr'>mihi</span> <span class='ocrx_word' id='word_1_154' title='bbox 1428 1658 1628 1711; x_wconf 79' lang='lat' dir='ltr'>contigit3</span> 
     </span>
     <span class='ocr_line' id='line_1_21' title="bbox 89 1727 1628 1781; baseline -0.004 -9"><span class='ocrx_word' id='word_1_155' title='bbox 89 1746 199 1772; x_wconf 89' lang='lat' dir='ltr'>anne</span> <span class='ocrx_word' id='word_1_156' title='bbox 245 1731 288 1771; x_wconf 91' lang='lat' dir='ltr'>in</span> <span class='ocrx_word' id='word_1_157' title='bbox 335 1731 400 1770; x_wconf 87' lang='lat' dir='ltr'>his</span> <span class='ocrx_word' id='word_1_158' title='bbox 445 1732 583 1770; x_wconf 88' lang='lat' dir='ltr'>totum</span> <span class='ocrx_word' id='word_1_159' title='bbox 622 1728 908 1770; x_wconf 88' lang='lat' dir='ltr'>endochroma</span> <span class='ocrx_word' id='word_1_160' title='bbox 944 1727 1040 1781; x_wconf 85' lang='lat' dir='ltr'>(seu</span> <span class='ocrx_word' id='word_1_161' title='bbox 1072 1731 1189 1768; x_wconf 86' lang='lat' dir='ltr'>totus</span> <span class='ocrx_word' id='word_1_162' title='bbox 1222 1727 1416 1768; x_wconf 84' lang='lat' dir='ltr'>sacculus</span> <span class='ocrx_word' id='word_1_163' title='bbox 1446 1727 1628 1779; x_wconf 85' lang='lat' dir='ltr'>primor-</span> 
     </span>
     <span class='ocr_line' id='line_1_22' title="bbox 91 1793 1629 1853; baseline -0.005 -13"><span class='ocrx_word' id='word_1_164' title='bbox 91 1799 239 1853; x_wconf 84' lang='lat' dir='ltr'>dialis)</span> <span class='ocrx_word' id='word_1_165' title='bbox 285 1798 448 1839; x_wconf 82' lang='lat' dir='ltr'>vicibus</span> <span class='ocrx_word' id='word_1_166' title='bbox 494 1796 633 1838; x_wconf 85' lang='lat' dir='ltr'>nuclei</span> <span class='ocrx_word' id='word_1_167' title='bbox 678 1795 1022 1849; x_wconf 81' lang='lat' dir='ltr'>perfungeretur,</span> <span class='ocrx_word' id='word_1_168' title='bbox 1069 1794 1278 1835; x_wconf 86' lang='lat' dir='ltr'>dubitavi.</span> <span class='ocrx_word' id='word_1_169' title='bbox 1340 1793 1417 1834; x_wconf 93' lang='lat' dir='ltr'>His</span> <span class='ocrx_word' id='word_1_170' title='bbox 1454 1793 1506 1835; x_wconf 91' lang='lat' dir='ltr'>de</span> <span class='ocrx_word' id='word_1_171' title='bbox 1538 1794 1629 1846; x_wconf 85' lang='lat' dir='ltr'>ipso</span> 
     </span>
     <span class='ocr_line' id='line_1_23' title="bbox 91 1861 1629 1916; baseline -0.004 -8"><span class='ocrx_word' id='word_1_172' title='bbox 91 1866 377 1908; x_wconf 85' lang='lat' dir='ltr'>mechanismo</span> <span class='ocrx_word' id='word_1_173' title='bbox 423 1865 641 1906; x_wconf 87' lang='lat' dir='ltr'>divisionis</span> <span class='ocrx_word' id='word_1_174' title='bbox 687 1864 815 1904; x_wconf 84' lang='lat' dir='ltr'>dictis</span> <span class='ocrx_word' id='word_1_175' title='bbox 860 1867 1009 1916; x_wconf 85' lang='lat' dir='ltr'>pateat</span> <span class='ocrx_word' id='word_1_176' title='bbox 1045 1877 1111 1903; x_wconf 88' lang='lat' dir='ltr'>me</span> <span class='ocrx_word' id='word_1_177' title='bbox 1143 1862 1228 1903; x_wconf 87' lang='lat' dir='ltr'>alio</span> <span class='ocrx_word' id='word_1_178' title='bbox 1260 1861 1384 1902; x_wconf 88' lang='lat' dir='ltr'>modo</span> <span class='ocrx_word' id='word_1_179' title='bbox 1415 1861 1629 1914; x_wconf 87' lang='lat' dir='ltr'>interpre-</span> 
     </span>
     <span class='ocr_line' id='line_1_24' title="bbox 92 1928 1631 1984; baseline -0.005 -9"><span class='ocrx_word' id='word_1_180' title='bbox 92 1938 205 1975; x_wconf 90' lang='lat' dir='ltr'>tasse</span> <span class='ocrx_word' id='word_1_181' title='bbox 238 1933 541 1975; x_wconf 85' lang='lat' dir='ltr'>formationem</span> <span class='ocrx_word' id='word_1_182' title='bbox 573 1931 842 1981; x_wconf 85' lang='lat' dir='ltr'>cellularum,</span> <span class='ocrx_word' id='word_1_183' title='bbox 877 1945 1006 1984; x_wconf 82' lang='lat' dir='ltr'>quam</span> <span class='ocrx_word' id='word_1_184' title='bbox 1038 1944 1111 1983; x_wconf 84' lang='lat' dir='ltr'>per</span> <span class='ocrx_word' id='word_1_185' title='bbox 1139 1929 1391 1970; x_wconf 80' lang='lat' dir='ltr'>divisionem</span> <span class='ocrx_word' id='word_1_186' title='bbox 1422 1929 1514 1969; x_wconf 86' lang='lat' dir='ltr'>fieri</span> <span class='ocrx_word' id='word_1_187' title='bbox 1546 1928 1631 1969; x_wconf 86' lang='lat' dir='ltr'>for-</span> 
     </span>
     <span class='ocr_line' id='line_1_25' title="bbox 92 1996 1631 2055; baseline -0.005 -12"><span class='ocrx_word' id='word_1_188' title='bbox 92 2016 171 2042; x_wconf 86' lang='lat' dir='ltr'>san</span> <span class='ocrx_word' id='word_1_189' title='bbox 201 2002 375 2055; x_wconf 88' lang='lat' dir='ltr'>plurimi</span> <span class='ocrx_word' id='word_1_190' title='bbox 406 2003 603 2041; x_wconf 86' lang='lat' dir='ltr'>statuant</span> <span class='ocrx_word' id='word_1_191' title='bbox 635 1999 915 2049; x_wconf 81' lang='lat' dir='ltr'>recentiores3</span> <span class='ocrx_word' id='word_1_192' title='bbox 949 1998 1063 2039; x_wconf 88' lang='lat' dir='ltr'>haud</span> <span class='ocrx_word' id='word_1_193' title='bbox 1095 2001 1239 2038; x_wconf 82' lang='lat' dir='ltr'>tamen</span> <span class='ocrx_word' id='word_1_194' title='bbox 1272 1997 1356 2038; x_wconf 83' lang='lat' dir='ltr'>scio</span> <span class='ocrx_word' id='word_1_195' title='bbox 1389 2011 1443 2037; x_wconf 90' lang='lat' dir='ltr'>an</span> <span class='ocrx_word' id='word_1_196' title='bbox 1466 1996 1516 2037; x_wconf 91' lang='lat' dir='ltr'>de</span> <span class='ocrx_word' id='word_1_197' title='bbox 1540 1996 1631 2050; x_wconf 90' lang='lat' dir='ltr'>ipso</span> 
     </span>
     <span class='ocr_line' id='line_1_26' title="bbox 94 2064 1632 2118; baseline -0.005 -7"><span class='ocrx_word' id='word_1_198' title='bbox 94 2070 174 2111; x_wconf 84' lang='lat' dir='ltr'>hoc</span> <span class='ocrx_word' id='word_1_199' title='bbox 218 2069 506 2110; x_wconf 87' lang='lat' dir='ltr'>mechanismo</span> <span class='ocrx_word' id='word_1_200' title='bbox 543 2081 686 2108; x_wconf 88' lang='lat' dir='ltr'>omnes</span> <span class='ocrx_word' id='word_1_201' title='bbox 725 2066 1008 2107; x_wconf 86' lang='lat' dir='ltr'>consentiant.</span> <span class='ocrx_word' id='word_1_202' title='bbox 1072 2064 1179 2105; x_wconf 83' lang='lat' dir='ltr'>Mihi</span> <span class='ocrx_word' id='word_1_203' title='bbox 1212 2064 1386 2118; x_wconf 82' lang='lat' dir='ltr'>quidem</span> <span class='ocrx_word' id='word_1_204' title='bbox 1418 2064 1559 2104; x_wconf 89' lang='lat' dir='ltr'>minus</span> <span class='ocrx_word' id='word_1_205' title='bbox 1589 2064 1632 2104; x_wconf 90' lang='lat' dir='ltr'>in</span> 
     </span>
     <span class='ocr_line' id='line_1_27' title="bbox 94 2132 1634 2191; baseline -0.004 -13"><span class='ocrx_word' id='word_1_206' title='bbox 94 2137 342 2191; x_wconf 78' lang='lat' dir='ltr'>praecordiis</span> <span class='ocrx_word' id='word_1_207' title='bbox 379 2136 461 2177; x_wconf 84' lang='lat' dir='ltr'>fuit</span> <span class='ocrx_word' id='word_1_208' title='bbox 499 2135 550 2176; x_wconf 87' lang='lat' dir='ltr'>de</span> <span class='ocrx_word' id='word_1_209' title='bbox 582 2136 672 2188; x_wconf 90' lang='lat' dir='ltr'>ipso</span> <span class='ocrx_word' id='word_1_210' title='bbox 702 2135 990 2175; x_wconf 87' lang='lat' dir='ltr'>mechanismo</span> <span class='ocrx_word' id='word_1_211' title='bbox 1023 2133 1244 2174; x_wconf 86' lang='lat' dir='ltr'>divisionis</span> <span class='ocrx_word' id='word_1_212' title='bbox 1276 2132 1442 2185; x_wconf 85' lang='lat' dir='ltr'>aliquid</span> <span class='ocrx_word' id='word_1_213' title='bbox 1474 2132 1634 2173; x_wconf 91' lang='lat' dir='ltr'>certius</span> 
     </span>
     <span class='ocr_line' id='line_1_28' title="bbox 96 2200 1635 2257; baseline -0.005 -11"><span class='ocrx_word' id='word_1_214' title='bbox 96 2209 299 2255; x_wconf 85' lang='lat' dir='ltr'>statuere,</span> <span class='ocrx_word' id='word_1_215' title='bbox 347 2219 477 2257; x_wconf 79' lang='lat' dir='ltr'>quain</span> <span class='ocrx_word' id='word_1_216' title='bbox 521 2203 857 2244; x_wconf 84' lang='lat' dir='ltr'>modificationes</span> <span class='ocrx_word' id='word_1_217' title='bbox 903 2201 1094 2242; x_wconf 86' lang='lat' dir='ltr'>indicare</span> <span class='ocrx_word' id='word_1_218' title='bbox 1142 2201 1298 2253; x_wconf 83' lang='lat' dir='ltr'>quibus</span> <span class='ocrx_word' id='word_1_219' title='bbox 1335 2200 1635 2253; x_wconf 88' lang='lat' dir='ltr'>perducuntur</span> 
     </span>
     <span class='ocr_line' id='line_1_29' title="bbox 100 2267 1633 2325; baseline -0.006 -9"><span class='ocrx_word' id='word_1_220' title='bbox 100 2276 227 2316; x_wconf 77' lang='lat' dir='ltr'>variae</span> <span class='ocrx_word' id='word_1_221' title='bbox 258 2274 343 2316; x_wconf 86' lang='lat' dir='ltr'>illae</span> <span class='ocrx_word' id='word_1_222' title='bbox 374 2277 615 2323; x_wconf 58' lang='lat' dir='ltr'>structura,</span> <span class='ocrx_word' id='word_1_223' title='bbox 649 2286 744 2325; x_wconf 66' lang='lat' dir='ltr'>quae</span> <span class='ocrx_word' id='word_1_224' title='bbox 775 2272 818 2312; x_wconf 91' lang='lat' dir='ltr'>in</span> <span class='ocrx_word' id='word_1_225' title='bbox 849 2270 1061 2311; x_wconf 86' lang='lat' dir='ltr'>Florideis</span> <span class='ocrx_word' id='word_1_226' title='bbox 1093 2270 1264 2310; x_wconf 87' lang='lat' dir='ltr'>adsunt.</span> <span class='ocrx_word' id='word_1_227' title='bbox 1325 2268 1445 2318; x_wconf 81' lang='lat' dir='ltr'>Quod</span> <span class='ocrx_word' id='word_1_228' title='bbox 1477 2281 1576 2308; x_wconf 89' lang='lat' dir='ltr'>vero</span> <span class='ocrx_word' id='word_1_229' title='bbox 1600 2267 1633 2307; x_wconf 90' lang='lat' dir='ltr'>si</span> 
     </span>
     <span class='ocr_line' id='line_1_30' title="bbox 99 2334 1633 2396; baseline -0.005 -15"><span class='ocrx_word' id='word_1_230' title='bbox 99 2346 333 2396; x_wconf 73' lang='lat' dir='ltr'>spectatur,</span> <span class='ocrx_word' id='word_1_231' title='bbox 365 2355 470 2394; x_wconf 88' lang='lat' dir='ltr'>opus</span> <span class='ocrx_word' id='word_1_232' title='bbox 494 2344 557 2382; x_wconf 91' lang='lat' dir='ltr'>est</span> <span class='ocrx_word' id='word_1_233' title='bbox 590 2352 843 2392; x_wconf 78' lang='lat' dir='ltr'>cognoscere</span> <span class='ocrx_word' id='word_1_234' title='bbox 874 2341 916 2378; x_wconf 88' lang='lat' dir='ltr'>et</span> <span class='ocrx_word' id='word_1_235' title='bbox 949 2337 1089 2389; x_wconf 78' lang='lat' dir='ltr'>qualis</span> <span class='ocrx_word' id='word_1_236' title='bbox 1122 2337 1177 2377; x_wconf 91' lang='lat' dir='ltr'>sit</span> <span class='ocrx_word' id='word_1_237' title='bbox 1209 2336 1367 2376; x_wconf 83' lang='lat' dir='ltr'>cellula</span> <span class='ocrx_word' id='word_1_238' title='bbox 1399 2334 1633 2384; x_wconf 80' lang='lat' dir='ltr'>subdivisa,</span> 
     </span>
     <span class='ocr_line' id='line_1_31' title="bbox 99 2402 1635 2461; baseline -0.006 -11"><span class='ocrx_word' id='word_1_239' title='bbox 99 2414 142 2450; x_wconf 84' lang='lat' dir='ltr'>et</span> <span class='ocrx_word' id='word_1_240' title='bbox 187 2409 337 2461; x_wconf 86' lang='lat' dir='ltr'>quales</span> <span class='ocrx_word' id='word_1_241' title='bbox 383 2412 482 2449; x_wconf 87' lang='lat' dir='ltr'>sunt</span> <span class='ocrx_word' id='word_1_242' title='bbox 525 2408 665 2448; x_wconf 86' lang='lat' dir='ltr'>forma</span> <span class='ocrx_word' id='word_1_243' title='bbox 702 2410 832 2458; x_wconf 85' lang='lat' dir='ltr'>atque</span> <span class='ocrx_word' id='word_1_244' title='bbox 864 2403 1155 2444; x_wconf 87' lang='lat' dir='ltr'>functionibus</span> <span class='ocrx_word' id='word_1_245' title='bbox 1186 2403 1350 2444; x_wconf 68' lang='lat' dir='ltr'>cellulae</span> <span class='ocrx_word' id='word_1_246' title='bbox 1383 2417 1514 2443; x_wconf 65' lang='lat' dir='ltr'>novae.</span> <span class='ocrx_word' id='word_1_247' title='bbox 1575 2402 1635 2442; x_wconf 90' lang='lat' dir='ltr'>De</span> 
     </span>
     <span class='ocr_line' id='line_1_32' title="bbox 101 2469 1355 2529; baseline -0.006 -12"><span class='ocrx_word' id='word_1_248' title='bbox 101 2477 166 2517; x_wconf 69' lang='lat' dir='ltr'>his</span> <span class='ocrx_word' id='word_1_249' title='bbox 198 2476 332 2529; x_wconf 81' lang='lat' dir='ltr'>igitur</span> <span class='ocrx_word' id='word_1_250' title='bbox 362 2475 574 2528; x_wconf 87' lang='lat' dir='ltr'>praecipue</span> <span class='ocrx_word' id='word_1_251' title='bbox 604 2474 648 2514; x_wconf 89' lang='lat' dir='ltr'>in</span> <span class='ocrx_word' id='word_1_252' title='bbox 678 2473 820 2513; x_wconf 87' lang='lat' dir='ltr'>animo</span> <span class='ocrx_word' id='word_1_253' title='bbox 852 2471 935 2511; x_wconf 84' lang='lat' dir='ltr'>fuit</span> <span class='ocrx_word' id='word_1_254' title='bbox 965 2470 1042 2511; x_wconf 90' lang='lat' dir='ltr'>hoc</span> <span class='ocrx_word' id='word_1_255' title='bbox 1076 2469 1166 2510; x_wconf 89' lang='lat' dir='ltr'>loco</span> <span class='ocrx_word' id='word_1_256' title='bbox 1198 2470 1355 2510; x_wconf 86' lang='lat' dir='ltr'>dicere.</span> 
     </span>
    </p>
   </div>
   <div class='ocr_carea' id='block_1_3' title="bbox 101 2657 1639 2932">
    <p class='ocr_par' dir='ltr' id='par_1_4' title="bbox 101 2657 1634 2761">
     <span class='ocr_line' id='line_1_33' title="bbox 101 2657 1634 2702; baseline -0.005 -4"><span class='ocrx_word' id='word_1_257' title='bbox 101 2666 186 2702; x_wconf 69' lang='lat' dir='ltr'>niis,</span> <span class='ocrx_word' id='word_1_258' title='bbox 213 2663 329 2697; x_wconf 80' lang='lat' dir='ltr'>certis</span> <span class='ocrx_word' id='word_1_259' title='bbox 356 2666 394 2696; x_wconf 86' lang='lat' dir='ltr'>et</span> <span class='ocrx_word' id='word_1_260' title='bbox 420 2662 497 2696; x_wconf 87' lang='lat' dir='ltr'>suis</span> <span class='ocrx_word' id='word_1_261' title='bbox 525 2661 691 2695; x_wconf 84' lang='lat' dir='ltr'>definitis</span> <span class='ocrx_word' id='word_1_262' title='bbox 719 2659 826 2701; x_wconf 88' lang='lat' dir='ltr'>locis,</span> <span class='ocrx_word' id='word_1_263' title='bbox 853 2659 1003 2701; x_wconf 82' lang='lat' dir='ltr'>adsunt,</span> <span class='ocrx_word' id='word_1_264' title='bbox 1031 2658 1242 2692; x_wconf 86' lang='lat' dir='ltr'>numerosis</span> <span class='ocrx_word' id='word_1_265' title='bbox 1272 2657 1442 2691; x_wconf 78' lang='lat' dir='ltr'>iconibus</span> <span class='ocrx_word' id='word_1_266' title='bbox 1470 2657 1524 2690; x_wconf 85' lang='lat' dir='ltr'>ita</span> <span class='ocrx_word' id='word_1_267' title='bbox 1550 2657 1634 2691; x_wconf 88' lang='lat' dir='ltr'>illu-</span> 
     </span>
     <span class='ocr_line' id='line_1_34' title="bbox 102 2714 1235 2761; baseline -0.008 -5"><span class='ocrx_word' id='word_1_268' title='bbox 102 2726 287 2756; x_wconf 80' lang='lat' dir='ltr'>strantur,</span> <span class='ocrx_word' id='word_1_269' title='bbox 314 2724 355 2754; x_wconf 90' lang='lat' dir='ltr'>ut</span> <span class='ocrx_word' id='word_1_270' title='bbox 381 2724 502 2754; x_wconf 86' lang='lat' dir='ltr'>totum</span> <span class='ocrx_word' id='word_1_271' title='bbox 530 2719 597 2751; x_wconf 90' lang='grc'><strong>1100</strong></span> <span class='ocrx_word' id='word_1_272' title='bbox 625 2720 790 2761; x_wconf 78' lang='lat' dir='ltr'>systema</span> <span class='ocrx_word' id='word_1_273' title='bbox 816 2716 963 2750; x_wconf 87' lang='lat' dir='ltr'>facilius</span> <span class='ocrx_word' id='word_1_274' title='bbox 990 2714 1235 2759; x_wconf 85' lang='lat' dir='ltr'>percipiatur.</span> 
     </span>
    </p>

    <p class='ocr_par' dir='ltr' id='par_1_5' title="bbox 102 2770 1639 2932">
     <span class='ocr_line' id='line_1_35' title="bbox 194 2770 1639 2817; baseline -0.005 -6"><span class='ocrx_word' id='word_1_275' title='bbox 194 2779 380 2813; x_wconf 63' lang='lat' dir='ltr'>Caeterum</span> <span class='ocrx_word' id='word_1_276' title='bbox 419 2777 488 2810; x_wconf 81' lang='lat' dir='ltr'>hoc</span> <span class='ocrx_word' id='word_1_277' title='bbox 519 2776 600 2809; x_wconf 80' lang='grc' dir='ltr'>10οο</span> <span class='ocrx_word' id='word_1_278' title='bbox 633 2774 833 2808; x_wconf 81' lang='lat' dir='ltr'>adnotasse</span> <span class='ocrx_word' id='word_1_279' title='bbox 860 2773 985 2817; x_wconf 82' lang='lat' dir='ltr'>placet</span> <span class='ocrx_word' id='word_1_280' title='bbox 1010 2772 1222 2816; x_wconf 59' lang='lat' dir='ltr'>Naegelium</span> <span class='ocrx_word' id='word_1_281' title='bbox 1250 2771 1425 2815; x_wconf 87' lang='lat' dir='ltr'>primum,</span> <span class='ocrx_word' id='word_1_282' title='bbox 1451 2770 1489 2804; x_wconf 90' lang='lat' dir='ltr'>ni</span> <span class='ocrx_word' id='word_1_283' title='bbox 1515 2771 1639 2807; x_wconf 79' lang='lat' dir='ltr'>fallor,</span> 
     </span>
     <span class='ocr_line' id='line_1_36' title="bbox 102 2827 1638 2879; baseline -0.005 -10"><span class='ocrx_word' id='word_1_284' title='bbox 102 2835 196 2870; x_wconf 84' lang='lat' dir='ltr'>fuise</span> <span class='ocrx_word' id='word_1_285' title='bbox 235 2835 298 2879; x_wconf 88' lang='lat' dir='ltr'>qui</span> <span class='ocrx_word' id='word_1_286' title='bbox 336 2835 380 2868; x_wconf 86' lang='lat' dir='ltr'>de</span> <span class='ocrx_word' id='word_1_287' title='bbox 419 2832 625 2878; x_wconf 67' lang='lat' dir='ltr'>praesentia</span> <span class='ocrx_word' id='word_1_288' title='bbox 657 2842 832 2875; x_wconf 86' lang='lat' dir='ltr'>pororum</span> <span class='ocrx_word' id='word_1_289' title='bbox 860 2833 897 2864; x_wconf 91' lang='lat' dir='ltr'>et</span> <span class='ocrx_word' id='word_1_290' title='bbox 924 2841 1051 2863; x_wconf 87' lang='lat' dir='ltr'>eorum</span> <span class='ocrx_word' id='word_1_291' title='bbox 1078 2829 1153 2862; x_wconf 86' lang='lat' dir='ltr'>situ</span> <span class='ocrx_word' id='word_1_292' title='bbox 1180 2828 1216 2861; x_wconf 90' lang='lat' dir='ltr'>in</span> <span class='ocrx_word' id='word_1_293' title='bbox 1244 2827 1432 2862; x_wconf 80' lang='lat' dir='ltr'>Florideis</span> <span class='ocrx_word' id='word_1_294' title='bbox 1461 2828 1638 2862; x_wconf 78' lang='lat' dir='ltr'>observa·</span> 
     </span>
     <span class='ocr_line' id='line_1_37' title="bbox 102 2885 1598 2932; baseline -0.006 -6"><span class='ocrx_word' id='word_1_295' title='bbox 102 2892 226 2926; x_wconf 82' lang='lat' dir='ltr'>tiones</span> <span class='ocrx_word' id='word_1_296' title='bbox 253 2891 454 2926; x_wconf 75' lang='lat' dir='ltr'>contulerit</span> <span class='ocrx_word' id='word_1_297' title='bbox 484 2888 676 2932; x_wconf 50' lang='grc' dir='ltr'><strong>(Ζεῦ-30111.</strong></span> <span class='ocrx_word' id='word_1_298' title='bbox 697 2888 771 2931; x_wconf 70' lang='lat' dir='ltr'>fiir</span> <span class='ocrx_word' id='word_1_299' title='bbox 803 2886 1022 2921; x_wconf 63' lang='lat' dir='ltr'>Wissenscle.</span> <span class='ocrx_word' id='word_1_300' title='bbox 1051 2887 1135 2919; x_wconf 77' lang='lat' dir='ltr'>Rot.</span> <span class='ocrx_word' id='word_1_301' title='bbox 1164 2885 1246 2918; x_wconf 84' lang='lat' dir='ltr'><strong><em>III.</em></strong></span> <span class='ocrx_word' id='word_1_302' title='bbox 1266 2897 1306 2928; x_wconf 68' lang='lat' dir='ltr'>p.</span> <span class='ocrx_word' id='word_1_303' title='bbox 1334 2887 1406 2918; x_wconf 64' lang='lat'>207</span> <span class='ocrx_word' id='word_1_304' title='bbox 1434 2888 1467 2918; x_wconf 81' lang='lat' dir='ltr'>et</span> <span class='ocrx_word' id='word_1_305' title='bbox 1491 2888 1598 2928; x_wconf 66' lang='lat' dir='ltr'>squ).</span> 
     </span>
    </p>
   </div>
  </div>
 </body>
</html>
