1937 3315
280 218 334 258 80

280 327 545 380 irregulares
577 324 743 367 cellulae
776 338 906 365 novae.
955 324 1066 366 Huic
1097 325 1367 367 formationis
1398 326 1522 367 modo
1553 327 1822 380 potissimum

279 394 475 446 analogae
498 393 643 433 forsan
664 392 750 432 sint
772 391 1084 434 subdivisiones
1102 393 1297 445 quaedam
1315 393 1596 434 articulorum
1612 394 1655 435 in
1671 394 1821 435 Bullia

278 459 538 504 callitricha:
571 459 745 499 articuli
777 459 889 500 enim
911 459 1079 500 basales
1102 474 1335 511 ramorum,
1358 461 1432 513 qui
1452 461 1576 503 initio
1601 462 1821 514 vulgarem

281 530 463 570 formam
496 527 777 581 cylindricam
808 531 1065 578 monstrant,
1098 528 1198 570 dein
1229 528 1338 570 fiunt
1360 529 1603 582 compressi,
1626 533 1668 570 et
1690 543 1819 583 supra

278 595 512 637 articulum
559 595 779 637 caulinnm
825 596 1018 649 expansi,
1067 597 1191 648 quasi
1237 597 1526 646 decurrentes,
1574 597 1692 638 novis
1729 598 1821 639 dia-

280 664 611 717 phragmatibus
657 663 831 715 oblique
864 663 1005 705 ductis
1037 665 1194 705 sensim
1225 665 1468 717 sensimque
1499 665 1543 705 in
1575 679 1822 706 numerosas

278 732 459 773 cellulas
490 745 620 772 novas
652 731 813 772 abeunt
844 731 944 785 (Ay.
982 733 1076 773 Tab.
1109 732 1197 774 ΙΙΙ.
1216 734 1293 786 fiss.
1325 734 1455 787 σκῗ)
1472 733 1528 787 Q)

394 799 583 841 Cellulas
627 799 859 853 polyedras
891 800 1253 842 Delesseriearum
1287 815 1456 854 quoque
1487 802 1724 843 increscere
1756 801 1822 842 di-

278 869 470 909 rectione
516 869 697 921 paginas
744 882 891 908 versus
937 869 1147 919 verticali,
1195 873 1237 910 et
1284 870 1690 923 diaphragmatibus
1728 885 1822 924 quze

280 940 381 977 sunt
427 936 599 989 paginis
637 936 851 989 parallela
881 936 1123 977 subdivisas
1154 936 1259 987 fieri,
1290 938 1333 978 in
1363 938 1561 990 plurimis
1592 939 1823 980 admodum

279 1006 556 1059 conspicuum
602 1006 706 1047 mihi
749 1006 955 1059 adparuit
985 1006 1085 1058 (Agl.
1122 1007 1218 1048 Tul».
1251 1007 1523 1061 XXVLfiy.
1556 1011 1621 1059 11,
1653 1011 1715 1059 15,
1747 1012 1822 1052 18:

285 1075 380 1115 Tab.
415 1074 712 1127 XXVIIflgJ.
745 1075 940 1129 3121413).
1001 1074 1192 1115 Greminae
1239 1075 1403 1116 cellulae
1448 1076 1512 1117 ita
1556 1079 1667 1117 natae
1712 1090 1823 1117 nunc

281 1143 464 1183 ulterius
510 1143 757 1184 increscunt
802 1142 952 1183 eadem
999 1142 1248 1191 directione,
1281 1147 1324 1184 et
1355 1157 1460 1184 novo
1492 1143 1823 1197 diaphragmate

281 1211 441 1252 iterum
490 1210 845 1260 snbdividunturg
893 1211 928 1251 si
974 1211 1090 1251 intra
1136 1211 1213 1251 has
1260 1211 1456 1264 singulas
1496 1213 1674 1264 geminae
1706 1226 1823 1253 novae

279 1280 439 1319 iterum
471 1279 728 1324 formantur,
760 1279 986 1319 interiores
1019 1293 1100 1319 non
1133 1279 1318 1320 ulterius
1339 1279 1587 1320 adcrescere
1609 1283 1823 1332 putarem,

278 1347 518 1388 exteriores
551 1360 649 1387 vero
682 1346 829 1387 eodem
861 1346 984 1387 modo
1016 1347 1252 1387 increscere
1284 1360 1463 1399 pergere
1495 1350 1538 1387 et
1565 1347 1723 1387 iterum
1745 1347 1823 1388 ite—

280 1428 464 1466 rumque
498 1414 728 1454 subdividi.
789 1414 897 1454 Dum
932 1414 1068 1466 igitur
1099 1414 1141 1454 in
1176 1413 1393 1455 nonnullis
1424 1413 1687 1468 Nitophyllis
1719 1414 1823 1455 folia

235 1474 237 1477 ⁵
279 1482 449 1523 sterilia
480 1486 679 1523 constant
713 1481 879 1522 cellulis
912 1482 1059 1523 eodem
1090 1481 1222 1534 plano
1245 1481 1441 1522 omnibus
1463 1482 1756 1534 superpositis,
1781 1486 1824 1524 et

278 1551 467 1591 sectione
513 1550 792 1590 transversali
840 1550 1009 1590 unicam
1042 1551 1195 1591 seriem
1228 1549 1482 1591 cellularum
1514 1551 1628 1591 inter
1660 1554 1823 1591 utram-

281 1632 364 1670 que
410 1617 615 1671 paginam
662 1616 860 1667 offerunt,
901 1618 943 1658 in
976 1618 1071 1658 aliis
1104 1618 1323 1671 speciebus
1356 1618 1499 1670 plures
1532 1619 1663 1659 series
1694 1618 1824 1659 cellu-

281 1687 422 1727 larum
454 1686 567 1727 inter
600 1689 830 1738 utramque
861 1686 1065 1739 paginam
1099 1700 1326 1726 numerare
1349 1686 1469 1737 licet3
1503 1686 1546 1726 in
1569 1686 1635 1726 his
1658 1685 1823 1727 cellulae

278 1758 383 1795 sunt
429 1753 726 1807 complanatze,
774 1758 817 1794 et
854 1754 1033 1795 invicem
1066 1754 1272 1807 oppositae
1307 1757 1438 1806 atque
1470 1753 1692 1807 parallelae
1724 1755 1823 1807 (Αῃ.

286 1823 380 1863 ΤΗΙ).
415 1822 616 1863 XXVII.
637 1824 712 1875 fiy.
745 1828 785 1873 ὅ,
817 1827 854 1873 5,
886 1824 975 1871 13).

397 1890 585 1931 Cellulas
616 1891 753 1942 igitur
786 1891 828 1930 in
861 1890 1071 1931 Florideis
1104 1891 1258 1943 saepius
1290 1890 1468 1931 formari
1490 1894 1593 1943 puto
1617 1891 1823 1932 divisione

281 1958 448 1999 cellulae
482 1962 699 2007 maternae,
733 1972 826 2010 quze
860 1972 959 1998 vero
991 1972 1046 1998 an
1070 1972 1236 2010 semper
1258 1958 1509 2010 perficiatur
1532 1958 1824 2000 subdivisione

281 2031 504 2079 pra-eunte
553 2026 690 2066 nuclei
730 2025 970 2078 dijudicare
1002 2040 1083 2066 non
1116 2026 1266 2066 auden.
1326 2025 1377 2066 In
1408 2025 1574 2066 cellulis
1606 2040 1717 2078 szepe
1747 2027 1825 2067 mi—

283 2095 400 2135 nutis
447 2098 488 2135 ct
535 2093 864 2134 endochromate
912 2093 1104 2134 colorato
1146 2093 1296 2134 farctis
1328 2093 1525 2135 nucleum
1557 2108 1670 2147 {egre
1702 2094 1826 2134 licuit

283 2164 547 2213 dis‹‘·ernere;
593 2166 636 2203 et
676 2162 792 2203 haud
825 2163 909 2204 scio
942 2177 1050 2204 anne
1084 2166 1220 2204 totuin
1253 2163 1550 2213 endochroma,
1585 2177 1657 2203 seu
1689 2163 1824 2203 mavis

282 2235 423 2271 totum
457 2230 673 2271 sacculum
707 2230 1042 2282 primordialem,
1076 2230 1230 2283 saepius
1262 2231 1304 2271 in
1336 2230 1402 2271 his
1434 2229 1574 2271 nuclei
1592 2230 1825 2271 functioni-

285 2299 363 2339 bus
395 2298 660 2339 indueretur.
1239 2308 1242 2310 ·

398 2366 620 2419 Exempla,
654 2379 748 2418 quae
781 2364 924 2415 attuli,
957 2365 1177 2405 divisionis
1209 2365 1464 2406 cellularum
1491 2366 1581 2419 jam
1614 2366 1825 2419 quasdam

283 2438 527 2476 monstrant
573 2433 860 2473 diversitates.
924 2432 1122 2482 Articuli,
1170 2433 1242 2484 qui
1282 2433 1324 2473 in
1363 2433 1433 2474 filo
1471 2433 1686 2486 Lyehoetes
1717 2435 1824 2475 arti-

377 2574 410 2618 *)
440 2573 528 2607 Cum
567 2572 625 2606 his
664 2572 829 2615 cellulis,
868 2572 1112 2607 articulorum
1146 2573 1329 2606 basalium
1358 2573 1616 2608 subdivisione
1643 2574 1750 2616 ortis,
1778 2585 1823 2607 ne

282 2630 566 2664 confundantur
592 2628 656 2662 fila
683 2640 789 2663 secus
818 2629 943 2662 caules
970 2629 1178 2663 adultiores
1206 2630 1448 2664 decurrentia
1475 2632 1513 2664 et
1538 2630 1603 2664 hos
1624 2633 1743 2664 strato
1761 2630 1822 2664 de-

287 2699 384 2720 nium
423 2686 602 2720 continuo
640 2685 867 2720 obducentia
896 2687 980 2730 (Ay.
1011 2686 1097 2720 Tab.
1123 2685 1204 2719 ΙΙΙ.
1223 2686 1291 2729 fiy.
1317 2689 1351 2727 S,
1379 2689 1425 2719 10
1451 2689 1484 2720 et
1511 2689 1582 2730 11),
1621 2697 1702 2729 quae
1736 2697 1823 2719 ana-

286 2745 373 2787 loga
412 2743 592 2777 videntur
629 2753 710 2775 cuni
738 2742 812 2775 filis
841 2752 954 2785 supra
979 2742 1211 2785 memoratis,
1239 2742 1341 2775 intra
1365 2743 1619 2776 membranam
1647 2742 1823 2784 evolutis,

283 2801 322 2832 in
361 2800 547 2834 Crouania
573 2802 611 2833 et
638 2798 915 2832 Callithamniis
944 2799 1149 2841 majoribus
1176 2799 1482 2833 obvenientibus.
1530 2798 1585 2831 De
1612 2798 1758 2842 origine
1786 2803 1821 2833 et

285 2856 504 2890 evolutione
531 2856 663 2889 horum
690 2854 837 2889 filorum
865 2855 903 2887 in
929 2855 1049 2888 Ballia
1074 2855 1288 2889 callitricha
1315 2855 1444 2888 videas
1470 2854 1596 2888 icones
1616 2855 1660 2887 ab
1679 2855 1825 2889 Ari-her

286 2912 393 2944 datas
424 2912 458 2944 in
488 2911 567 2945 Act.
598 2911 675 2945 Soc.
702 2911 818 2945 In'im.
845 2910 963 2944 Lond.
992 2911 1067 2945 Ser.
1101 2911 1152 2944 II.
1187 2910 1262 2944 Vol.
1292 2910 1397 2953 Ifiy.
1425 2911 1458 2951 4,
1488 2912 1629 2943 15—17.
