<?xml version="1.0" encoding="UTF-8"?>
<!DOCTYPE html PUBLIC "-//W3C//DTD XHTML 1.0 Transitional//EN"
    "http://www.w3.org/TR/xhtml1/DTD/xhtml1-transitional.dtd">
<html xmlns="http://www.w3.org/1999/xhtml" xml:lang="en" lang="en">
 <head>
  <title>
</title>
<meta http-equiv="Content-Type" content="text/html;charset=utf-8" />
  <meta name='ocr-system' content='tesseract 3.04.00' />
  <meta name='ocr-capabilities' content='ocr_page ocr_carea ocr_par ocr_line ocrx_word'/>
</head>
<body>
  <div class='ocr_page' id='page_1' title='image "./speciesgeneraeto0302agar_0011.png"; bbox 0 0 1937 3315; ppageno 0'>
   <div class='ocr_carea' id='block_1_1' title="bbox 633 290 1056 333">
    <p class='ocr_par' dir='ltr' id='par_1_1' title="bbox 633 290 1056 333">
     <span class='ocr_line' id='line_1_1' title="bbox 633 290 1056 333; baseline 0.002 -1"><span class='ocrx_word' id='word_1_1' title='bbox 633 290 1056 333; x_wconf 86' lang='lat' dir='ltr'><strong>CONTINENTUR:</strong></span> 
     </span>
    </p>
   </div>
   <div class='ocr_carea' id='block_1_2' title="bbox 74 392 1615 2657">
    <p class='ocr_par' dir='ltr' id='par_1_2' title="bbox 74 392 1615 2657">
     <span class='ocr_line' id='line_1_2' title="bbox 114 392 1322 437; baseline -0.002 -9"><span class='ocrx_word' id='word_1_2' title='bbox 114 394 140 428; x_wconf 89' lang='lat' dir='ltr'>I.</span> <span class='ocrx_word' id='word_1_3' title='bbox 191 394 244 427; x_wconf 81' lang='lat' dir='ltr'>De</span> <span class='ocrx_word' id='word_1_4' title='bbox 271 393 399 427; x_wconf 74' lang='lat' dir='ltr'>habitu</span> <span class='ocrx_word' id='word_1_5' title='bbox 426 395 462 427; x_wconf 79' lang='lat' dir='ltr'>et</span> <span class='ocrx_word' id='word_1_6' title='bbox 490 392 656 437; x_wconf 67' lang='lat' dir='ltr'>partibus</span> <span class='ocrx_word' id='word_1_7' title='bbox 683 393 926 427; x_wconf 73' lang='lat' dir='ltr'>exterioribus</span> <span class='ocrx_word' id='word_1_8' title='bbox 954 393 1204 427; x_wconf 75' lang='lat' dir='ltr'>Floridearum</span> <span class='ocrx_word' id='word_1_9' title='bbox 1233 404 1266 437; x_wconf 85' lang='lat' dir='ltr'>p.</span> <span class='ocrx_word' id='word_1_10' title='bbox 1291 393 1322 426; x_wconf 88' lang='lat'>4.</span> 
     </span>
     <span class='ocr_line' id='line_1_3' title="bbox 302 450 708 495; baseline 0 -11"><span class='ocrx_word' id='word_1_11' title='bbox 302 451 330 484; x_wconf 81' lang='lat'>1.</span> <span class='ocrx_word' id='word_1_12' title='bbox 384 451 432 483; x_wconf 79' lang='lat' dir='ltr'>Dc</span> <span class='ocrx_word' id='word_1_13' title='bbox 460 450 587 484; x_wconf 79' lang='lat' dir='ltr'>habitu</span> <span class='ocrx_word' id='word_1_14' title='bbox 615 462 647 495; x_wconf 91' lang='lat' dir='ltr'>p.</span> <span class='ocrx_word' id='word_1_15' title='bbox 676 452 708 484; x_wconf 81' lang='lat'><strong>4.</strong></span> 
     </span>
     <span class='ocr_line' id='line_1_4' title="bbox 286 506 1614 551; baseline 0.002 -12"><span class='ocrx_word' id='word_1_16' title='bbox 286 506 330 539; x_wconf 90' lang='grc' dir='ltr'>ΙΙ.</span> <span class='ocrx_word' id='word_1_17' title='bbox 380 508 432 540; x_wconf 84' lang='lat' dir='ltr'>Dc</span> <span class='ocrx_word' id='word_1_18' title='bbox 464 508 730 542; x_wconf 78' lang='lat' dir='ltr'>ramificatione</span> <span class='ocrx_word' id='word_1_19' title='bbox 766 510 802 541; x_wconf 75' lang='lat' dir='ltr'>et</span> <span class='ocrx_word' id='word_1_20' title='bbox 828 507 1048 541; x_wconf 76' lang='lat' dir='ltr'>evolutiouis</span> <span class='ocrx_word' id='word_1_21' title='bbox 1075 507 1181 541; x_wconf 83' lang='lat' dir='ltr'>modo</span> <span class='ocrx_word' id='word_1_22' title='bbox 1208 507 1368 551; x_wconf 69' lang='lat' dir='ltr'>partium</span> <span class='ocrx_word' id='word_1_23' title='bbox 1395 508 1614 542; x_wconf 76' lang='lat' dir='ltr'><strong>exteriorum</strong></span> 
     </span>
     <span class='ocr_line' id='line_1_5' title="bbox 424 564 536 607; baseline 0.027 -12"><span class='ocrx_word' id='word_1_24' title='bbox 424 575 456 607; x_wconf 84' lang='lat' dir='ltr'>p.</span> <span class='ocrx_word' id='word_1_25' title='bbox 482 564 536 598; x_wconf 70' lang='lat'><strong>14.</strong></span> 
     </span>
     <span class='ocr_line' id='line_1_6' title="bbox 265 618 1615 664; baseline 0.001 -13"><span class='ocrx_word' id='word_1_26' title='bbox 265 618 332 652; x_wconf 87' lang='lat' dir='ltr'><strong>III.</strong></span> <span class='ocrx_word' id='word_1_27' title='bbox 380 619 434 652; x_wconf 81' lang='lat' dir='ltr'>De</span> <span class='ocrx_word' id='word_1_28' title='bbox 467 619 587 654; x_wconf 82' lang='lat' dir='ltr'>radice</span> <span class='ocrx_word' id='word_1_29' title='bbox 621 623 656 654; x_wconf 74' lang='lat' dir='ltr'>et</span> <span class='ocrx_word' id='word_1_30' title='bbox 688 619 856 664; x_wconf 78' lang='lat' dir='ltr'>partibus</span> <span class='ocrx_word' id='word_1_31' title='bbox 884 630 960 662; x_wconf 61' lang='lat' dir='ltr'>quw</span> <span class='ocrx_word' id='word_1_32' title='bbox 989 621 1150 664; x_wconf 70' lang='lat' dir='ltr'>systema</span> <span class='ocrx_word' id='word_1_33' title='bbox 1177 619 1336 654; x_wconf 74' lang='lat' dir='ltr'>radicale</span> <span class='ocrx_word' id='word_1_34' title='bbox 1363 621 1615 655; x_wconf 80' lang='lat' dir='ltr'>Floridearum</span> 
     </span>
     <span class='ocr_line' id='line_1_7' title="bbox 426 676 798 720; baseline 0.003 -11"><span class='ocrx_word' id='word_1_35' title='bbox 426 676 656 710; x_wconf 69' lang='lat' dir='ltr'>constituam</span> <span class='ocrx_word' id='word_1_36' title='bbox 684 687 717 720; x_wconf 93' lang='lat' dir='ltr'>p.</span> <span class='ocrx_word' id='word_1_37' title='bbox 744 677 798 710; x_wconf 92' lang='lat'><strong>22.</strong></span> 
     </span>
     <span class='ocr_line' id='line_1_8' title="bbox 268 731 699 776; baseline 0.005 -12"><span class='ocrx_word' id='word_1_38' title='bbox 268 732 330 766; x_wconf 90' lang='lat' dir='ltr'>IV.</span> <span class='ocrx_word' id='word_1_39' title='bbox 379 731 432 765; x_wconf 86' lang='lat' dir='ltr'>De</span> <span class='ocrx_word' id='word_1_40' title='bbox 459 732 560 766; x_wconf 85' lang='lat' dir='ltr'>caule</span> <span class='ocrx_word' id='word_1_41' title='bbox 587 744 620 776; x_wconf 87' lang='lat' dir='ltr'>p.</span> <span class='ocrx_word' id='word_1_42' title='bbox 647 732 699 766; x_wconf 84' lang='lat'>29.</span> 
     </span>
     <span class='ocr_line' id='line_1_9' title="bbox 292 788 906 833; baseline -0.003 -10"><span class='ocrx_word' id='word_1_43' title='bbox 292 789 333 823; x_wconf 92' lang='lat' dir='ltr'>V.</span> <span class='ocrx_word' id='word_1_44' title='bbox 381 788 433 822; x_wconf 83' lang='lat' dir='ltr'>De</span> <span class='ocrx_word' id='word_1_45' title='bbox 460 789 570 822; x_wconf 87' lang='lat' dir='ltr'>ramis</span> <span class='ocrx_word' id='word_1_46' title='bbox 596 788 765 833; x_wconf 86' lang='lat' dir='ltr'>foliisque</span> <span class='ocrx_word' id='word_1_47' title='bbox 792 800 826 833; x_wconf 88' lang='lat' dir='ltr'>p.</span> <span class='ocrx_word' id='word_1_48' title='bbox 852 789 906 822; x_wconf 82' lang='lat'>35.</span> 
     </span>
     <span class='ocr_line' id='line_1_10' title="bbox 98 845 1248 890; baseline 0.002 -12"><span class='ocrx_word' id='word_1_49' title='bbox 98 845 143 879; x_wconf 87' lang='lat' dir='ltr'>H.</span> <span class='ocrx_word' id='word_1_50' title='bbox 193 845 244 878; x_wconf 80' lang='lat' dir='ltr'>De</span> <span class='ocrx_word' id='word_1_51' title='bbox 272 845 447 880; x_wconf 77' lang='lat' dir='ltr'>interiore</span> <span class='ocrx_word' id='word_1_52' title='bbox 474 847 659 880; x_wconf 74' lang='lat' dir='ltr'>structura</span> <span class='ocrx_word' id='word_1_53' title='bbox 686 845 825 879; x_wconf 82' lang='lat' dir='ltr'>frondis</span> <span class='ocrx_word' id='word_1_54' title='bbox 852 845 1102 879; x_wconf 80' lang='lat' dir='ltr'>Floridearum</span> <span class='ocrx_word' id='word_1_55' title='bbox 1130 857 1164 890; x_wconf 87' lang='lat' dir='ltr'>p.</span> <span class='ocrx_word' id='word_1_56' title='bbox 1192 847 1248 880; x_wconf 79' lang='lat'>43.</span> 
     </span>
     <span class='ocr_line' id='line_1_11' title="bbox 269 902 1614 948; baseline 0.003 -13"><span class='ocrx_word' id='word_1_57' title='bbox 269 902 330 936; x_wconf 94' lang='lat' dir='ltr'>VI.</span> <span class='ocrx_word' id='word_1_58' title='bbox 378 903 431 936; x_wconf 86' lang='lat' dir='ltr'>De</span> <span class='ocrx_word' id='word_1_59' title='bbox 457 902 666 937; x_wconf 74' lang='lat' dir='ltr'>substantia</span> <span class='ocrx_word' id='word_1_60' title='bbox 693 902 910 936; x_wconf 71' lang='lat' dir='ltr'>membranae</span> <span class='ocrx_word' id='word_1_61' title='bbox 937 902 1151 936; x_wconf 78' lang='lat' dir='ltr'>cellularum</span> <span class='ocrx_word' id='word_1_62' title='bbox 1178 906 1214 936; x_wconf 74' lang='lat' dir='ltr'>ei</span> <span class='ocrx_word' id='word_1_63' title='bbox 1241 903 1283 937; x_wconf 83' lang='lat' dir='ltr'>de</span> <span class='ocrx_word' id='word_1_64' title='bbox 1311 904 1469 938; x_wconf 59' lang='lat' dir='ltr'>curicula</span> <span class='ocrx_word' id='word_1_65' title='bbox 1498 916 1531 948; x_wconf 85' lang='lat' dir='ltr'>p.</span> <span class='ocrx_word' id='word_1_66' title='bbox 1558 906 1614 939; x_wconf 78' lang='lat'><strong>43.</strong></span> 
     </span>
     <span class='ocr_line' id='line_1_12' title="bbox 246 959 1613 995; baseline 0.001 -3"><span class='ocrx_word' id='word_1_67' title='bbox 246 959 326 993; x_wconf 93' lang='lat' dir='ltr'><strong>VII.</strong></span> <span class='ocrx_word' id='word_1_68' title='bbox 374 960 426 994; x_wconf 86' lang='lat' dir='ltr'>De</span> <span class='ocrx_word' id='word_1_69' title='bbox 459 962 634 994; x_wconf 78' lang='lat' dir='ltr'>contentu</span> <span class='ocrx_word' id='word_1_70' title='bbox 666 959 879 994; x_wconf 79' lang='lat' dir='ltr'>cellularum</span> <span class='ocrx_word' id='word_1_71' title='bbox 914 959 980 994; x_wconf 79' lang='lat' dir='ltr'>sub</span> <span class='ocrx_word' id='word_1_72' title='bbox 1019 959 1173 993; x_wconf 79' lang='lat' dir='ltr'>(liversis</span> <span class='ocrx_word' id='word_1_73' title='bbox 1212 959 1294 993; x_wconf 76' lang='lat' dir='ltr'>vitae</span> <span class='ocrx_word' id='word_1_74' title='bbox 1334 961 1465 995; x_wconf 77' lang='lat' dir='ltr'>stadiis</span> <span class='ocrx_word' id='word_1_75' title='bbox 1504 964 1540 995; x_wconf 76' lang='lat' dir='ltr'>et</span> <span class='ocrx_word' id='word_1_76' title='bbox 1578 961 1613 994; x_wconf 88' lang='lat' dir='ltr'>iu</span> 
     </span>
     <span class='ocr_line' id='line_1_13' title="bbox 421 1016 1213 1061; baseline 0 -11"><span class='ocrx_word' id='word_1_77' title='bbox 421 1016 577 1051; x_wconf 81' lang='lat' dir='ltr'>diversis</span> <span class='ocrx_word' id='word_1_78' title='bbox 604 1018 732 1052; x_wconf 74' lang='lat' dir='ltr'>stratis</span> <span class='ocrx_word' id='word_1_79' title='bbox 759 1016 898 1051; x_wconf 77' lang='lat' dir='ltr'>frondis</span> <span class='ocrx_word' id='word_1_80' title='bbox 926 1016 1071 1051; x_wconf 81' lang='lat' dir='ltr'>diverso</span> <span class='ocrx_word' id='word_1_81' title='bbox 1098 1028 1131 1061; x_wconf 90' lang='lat' dir='ltr'>p.</span> <span class='ocrx_word' id='word_1_82' title='bbox 1159 1017 1213 1051; x_wconf 83' lang='lat'>62.</span> 
     </span>
     <span class='ocr_line' id='line_1_14' title="bbox 230 1072 1615 1117; baseline 0 -11"><span class='ocrx_word' id='word_1_83' title='bbox 230 1073 327 1107; x_wconf 89' lang='lat' dir='ltr'><strong>VIII.</strong></span> <span class='ocrx_word' id='word_1_84' title='bbox 376 1074 429 1107; x_wconf 86' lang='lat' dir='ltr'>De</span> <span class='ocrx_word' id='word_1_85' title='bbox 463 1073 523 1108; x_wconf 84' lang='lat' dir='ltr'>via</span> <span class='ocrx_word' id='word_1_86' title='bbox 555 1075 592 1107; x_wconf 74' lang='lat' dir='ltr'>et</span> <span class='ocrx_word' id='word_1_87' title='bbox 623 1073 742 1107; x_wconf 83' lang='lat' dir='ltr'>modis</span> <span class='ocrx_word' id='word_1_88' title='bbox 774 1073 940 1115; x_wconf 77' lang='lat' dir='ltr'>diversis,</span> <span class='ocrx_word' id='word_1_89' title='bbox 973 1072 1104 1117; x_wconf 84' lang='lat' dir='ltr'>quibus</span> <span class='ocrx_word' id='word_1_90' title='bbox 1135 1072 1274 1107; x_wconf 66' lang='lat' dir='ltr'>cellula1</span> <span class='ocrx_word' id='word_1_91' title='bbox 1308 1072 1461 1107; x_wconf 87' lang='lat' dir='ltr'>invicem</span> <span class='ocrx_word' id='word_1_92' title='bbox 1489 1075 1615 1117; x_wconf 70' lang='lat' dir='ltr'>paries</span> 
     </span>
     <span class='ocr_line' id='line_1_15' title="bbox 421 1130 788 1174; baseline -0.003 -10"><span class='ocrx_word' id='word_1_93' title='bbox 421 1131 649 1164; x_wconf 77' lang='lat' dir='ltr'>commutant</span> <span class='ocrx_word' id='word_1_94' title='bbox 676 1141 710 1174; x_wconf 90' lang='lat' dir='ltr'>p.</span> <span class='ocrx_word' id='word_1_95' title='bbox 737 1130 788 1163; x_wconf 86' lang='lat'>71.</span> 
     </span>
     <span class='ocr_line' id='line_1_16' title="bbox 264 1185 1369 1230; baseline 0.003 -11"><span class='ocrx_word' id='word_1_96' title='bbox 264 1185 329 1220; x_wconf 90' lang='lat' dir='ltr'>IX.</span> <span class='ocrx_word' id='word_1_97' title='bbox 376 1187 429 1220; x_wconf 88' lang='lat' dir='ltr'>De</span> <span class='ocrx_word' id='word_1_98' title='bbox 456 1186 600 1221; x_wconf 82' lang='lat' dir='ltr'>diverso</span> <span class='ocrx_word' id='word_1_99' title='bbox 626 1186 857 1220; x_wconf 77' lang='lat' dir='ltr'>formationis</span> <span class='ocrx_word' id='word_1_100' title='bbox 884 1186 989 1221; x_wconf 79' lang='lat' dir='ltr'>inodo</span> <span class='ocrx_word' id='word_1_101' title='bbox 1016 1186 1228 1220; x_wconf 71' lang='lat' dir='ltr'>cellularum</span> <span class='ocrx_word' id='word_1_102' title='bbox 1257 1198 1289 1230; x_wconf 80' lang='lat' dir='ltr'>p.</span> <span class='ocrx_word' id='word_1_103' title='bbox 1316 1189 1369 1222; x_wconf 87' lang='lat'><strong>77.</strong></span> 
     </span>
     <span class='ocr_line' id='line_1_17' title="bbox 286 1243 1615 1288; baseline 0 -12"><span class='ocrx_word' id='word_1_104' title='bbox 286 1243 330 1277; x_wconf 82' lang='lat' dir='ltr'><strong>X.</strong></span> <span class='ocrx_word' id='word_1_105' title='bbox 378 1244 431 1277; x_wconf 86' lang='lat' dir='ltr'>De</span> <span class='ocrx_word' id='word_1_106' title='bbox 450 1244 665 1278; x_wconf 83' lang='lat' dir='ltr'>cellularum</span> <span class='ocrx_word' id='word_1_107' title='bbox 686 1243 929 1288; x_wconf 70' lang='lat' dir='ltr'>dispositione</span> <span class='ocrx_word' id='word_1_108' title='bbox 949 1253 1144 1286; x_wconf 73' lang='lat' dir='ltr'>earumque</span> <span class='ocrx_word' id='word_1_109' title='bbox 1165 1243 1423 1286; x_wconf 84' lang='lat' dir='ltr'>conjunctione</span> <span class='ocrx_word' id='word_1_110' title='bbox 1442 1244 1476 1277; x_wconf 90' lang='lat' dir='ltr'>in</span> <span class='ocrx_word' id='word_1_111' title='bbox 1497 1247 1615 1278; x_wconf 66' lang='lat' dir='ltr'>certos</span> 
     </span>
     <span class='ocr_line' id='line_1_18' title="bbox 422 1300 1153 1344; baseline 0 -10"><span class='ocrx_word' id='word_1_112' title='bbox 422 1300 570 1334; x_wconf 84' lang='lat' dir='ltr'>ordines</span> <span class='ocrx_word' id='word_1_113' title='bbox 596 1303 659 1333; x_wconf 80' lang='lat' dir='ltr'>aut</span> <span class='ocrx_word' id='word_1_114' title='bbox 686 1303 803 1334; x_wconf 71' lang='lat' dir='ltr'>strata</span> <span class='ocrx_word' id='word_1_115' title='bbox 831 1300 1011 1334; x_wconf 77' lang='lat' dir='ltr'>distincta</span> <span class='ocrx_word' id='word_1_116' title='bbox 1039 1311 1071 1344; x_wconf 82' lang='lat' dir='ltr'>p.</span> <span class='ocrx_word' id='word_1_117' title='bbox 1099 1301 1153 1334; x_wconf 74' lang='lat'>98.</span> 
     </span>
     <span class='ocr_line' id='line_1_19' title="bbox 74 1357 913 1403; baseline -0.001 -11"><span class='ocrx_word' id='word_1_118' title='bbox 74 1358 138 1392; x_wconf 91' lang='lat' dir='ltr'><strong>III.</strong></span> <span class='ocrx_word' id='word_1_119' title='bbox 189 1359 241 1392; x_wconf 84' lang='lat' dir='ltr'>De</span> <span class='ocrx_word' id='word_1_120' title='bbox 269 1358 417 1403; x_wconf 78' lang='lat' dir='ltr'>organis</span> <span class='ocrx_word' id='word_1_121' title='bbox 444 1357 743 1391; x_wconf 71' lang='lat' dir='ltr'>fructificationis</span> <span class='ocrx_word' id='word_1_122' title='bbox 774 1369 807 1401; x_wconf 89' lang='lat' dir='ltr'>p.</span> <span class='ocrx_word' id='word_1_123' title='bbox 835 1358 913 1391; x_wconf 86' lang='lat'><strong>135.</strong></span> 
     </span>
     <span class='ocr_line' id='line_1_20' title="bbox 266 1414 851 1458; baseline -0.002 -9"><span class='ocrx_word' id='word_1_124' title='bbox 266 1415 327 1449; x_wconf 87' lang='lat' dir='ltr'>XI.</span> <span class='ocrx_word' id='word_1_125' title='bbox 377 1415 429 1448; x_wconf 87' lang='lat' dir='ltr'>De</span> <span class='ocrx_word' id='word_1_126' title='bbox 457 1414 687 1448; x_wconf 76' lang='lat' dir='ltr'>Antheridiis</span> <span class='ocrx_word' id='word_1_127' title='bbox 713 1426 745 1458; x_wconf 81' lang='lat' dir='ltr'>p.</span> <span class='ocrx_word' id='word_1_128' title='bbox 774 1415 851 1448; x_wconf 85' lang='lat'><strong>137.</strong></span> 
     </span>
     <span class='ocr_line' id='line_1_21' title="bbox 243 1471 1275 1516; baseline 0.001 -11"><span class='ocrx_word' id='word_1_129' title='bbox 243 1472 325 1505; x_wconf 88' lang='lat' dir='ltr'><strong>XII.</strong></span> <span class='ocrx_word' id='word_1_130' title='bbox 376 1472 429 1504; x_wconf 87' lang='lat' dir='ltr'>De</span> <span class='ocrx_word' id='word_1_131' title='bbox 455 1471 579 1515; x_wconf 85' lang='lat' dir='ltr'>Sporis</span> <span class='ocrx_word' id='word_1_132' title='bbox 606 1474 643 1505; x_wconf 74' lang='lat' dir='ltr'>et</span> <span class='ocrx_word' id='word_1_133' title='bbox 669 1472 790 1505; x_wconf 76' lang='lat' dir='ltr'>fructu</span> <span class='ocrx_word' id='word_1_134' title='bbox 817 1471 1112 1516; x_wconf 75' lang='lat' dir='ltr'>Spliaerosporico</span> <span class='ocrx_word' id='word_1_135' title='bbox 1140 1484 1172 1516; x_wconf 86' lang='lat' dir='ltr'>p.</span> <span class='ocrx_word' id='word_1_136' title='bbox 1199 1472 1275 1506; x_wconf 84' lang='lat'><strong>156.</strong></span> 
     </span>
     <span class='ocr_line' id='line_1_22' title="bbox 226 1529 1305 1574; baseline 0.002 -12"><span class='ocrx_word' id='word_1_137' title='bbox 226 1529 325 1562; x_wconf 86' lang='lat' dir='ltr'><strong>XIII.</strong></span> <span class='ocrx_word' id='word_1_138' title='bbox 376 1530 427 1563; x_wconf 86' lang='lat' dir='ltr'>De</span> <span class='ocrx_word' id='word_1_139' title='bbox 454 1529 695 1574; x_wconf 75' lang='lat' dir='ltr'>cystocarpio,</span> <span class='ocrx_word' id='word_1_140' title='bbox 724 1541 785 1563; x_wconf 71' lang='lat' dir='ltr'>seu</span> <span class='ocrx_word' id='word_1_141' title='bbox 812 1529 933 1563; x_wconf 79' lang='lat' dir='ltr'>fructu</span> <span class='ocrx_word' id='word_1_142' title='bbox 960 1529 1143 1574; x_wconf 79' lang='lat' dir='ltr'>capsulari</span> <span class='ocrx_word' id='word_1_143' title='bbox 1170 1541 1203 1574; x_wconf 91' lang='lat' dir='ltr'>p.</span> <span class='ocrx_word' id='word_1_144' title='bbox 1230 1530 1305 1564; x_wconf 83' lang='lat'><strong>168.</strong></span> 
     </span>
     <span class='ocr_line' id='line_1_23' title="bbox 417 1586 1444 1631; baseline -0.001 -10"><span class='ocrx_word' id='word_1_145' title='bbox 417 1587 649 1631; x_wconf 74' lang='lat' dir='ltr'>cystocarpia</span> <span class='ocrx_word' id='word_1_146' title='bbox 676 1586 935 1620; x_wconf 72' lang='lat' dir='ltr'>describuntur</span> <span class='ocrx_word' id='word_1_147' title='bbox 967 1587 1002 1619; x_wconf 92' lang='lat' dir='ltr'>in</span> <span class='ocrx_word' id='word_1_148' title='bbox 1035 1587 1278 1620; x_wconf 76' lang='lat' dir='ltr'>Ceramiaceis</span> <span class='ocrx_word' id='word_1_149' title='bbox 1307 1599 1341 1631; x_wconf 90' lang='lat' dir='ltr'>p.</span> <span class='ocrx_word' id='word_1_150' title='bbox 1367 1587 1444 1620; x_wconf 78' lang='lat'><strong>181.</strong></span> 
     </span>
     <span class='ocr_line' id='line_1_24' title="bbox 959 1641 1470 1687; baseline -0.002 -11"><span class='ocrx_word' id='word_1_151' title='bbox 959 1663 1000 1667; x_wconf 89' lang='lat'><em>-</em></span> <span class='ocrx_word' id='word_1_152' title='bbox 1028 1641 1306 1686; x_wconf 75' lang='lat' dir='ltr'>Cryptonemeis</span> <span class='ocrx_word' id='word_1_153' title='bbox 1332 1652 1375 1687; x_wconf 77' lang='lat' dir='ltr'>p.</span> <span class='ocrx_word' id='word_1_154' title='bbox 1391 1643 1470 1676; x_wconf 83' lang='lat'><strong>194.</strong></span> 
     </span>
     <span class='ocr_line' id='line_1_25' title="bbox 966 1699 1426 1744; baseline 0.004 -13"><span class='ocrx_word' id='word_1_155' title='bbox 966 1720 1006 1723; x_wconf 87' lang='lat'>—</span> <span class='ocrx_word' id='word_1_156' title='bbox 1033 1699 1263 1743; x_wconf 68' lang='lat' dir='ltr'>Gigartineis</span> <span class='ocrx_word' id='word_1_157' title='bbox 1290 1711 1323 1744; x_wconf 90' lang='lat' dir='ltr'>p.</span> <span class='ocrx_word' id='word_1_158' title='bbox 1349 1701 1426 1733; x_wconf 87' lang='grc'><strong>202.</strong></span> 
     </span>
     <span class='ocr_line' id='line_1_26' title="bbox 963 1756 1460 1800; baseline -0.002 -10"><span class='ocrx_word' id='word_1_159' title='bbox 963 1778 1006 1782; x_wconf 93' lang='lat'>—</span> <span class='ocrx_word' id='word_1_160' title='bbox 1032 1756 1295 1800; x_wconf 73' lang='lat' dir='ltr'>DudresnaJeis</span> <span class='ocrx_word' id='word_1_161' title='bbox 1323 1768 1356 1800; x_wconf 89' lang='lat' dir='ltr'>p.</span> <span class='ocrx_word' id='word_1_162' title='bbox 1383 1757 1460 1790; x_wconf 83' lang='lat'><strong>208.</strong></span> 
     </span>
     <span class='ocr_line' id='line_1_27' title="bbox 961 1813 1467 1858; baseline 0.002 -11"><span class='ocrx_word' id='word_1_163' title='bbox 961 1830 1000 1835; x_wconf 89' lang='lat'><em>-</em></span> <span class='ocrx_word' id='word_1_164' title='bbox 1026 1813 1305 1847; x_wconf 75' lang='lat' dir='ltr'>Durnontiaceis</span> <span class='ocrx_word' id='word_1_165' title='bbox 1331 1825 1365 1858; x_wconf 90' lang='lat' dir='ltr'>p.</span> <span class='ocrx_word' id='word_1_166' title='bbox 1392 1814 1467 1848; x_wconf 85' lang='lat'><strong>210.</strong></span> 
     </span>
     <span class='ocr_line' id='line_1_28' title="bbox 962 1869 1443 1913; baseline 0.004 -11"><span class='ocrx_word' id='word_1_167' title='bbox 962 1890 1004 1894; x_wconf 86' lang='lat'>—-</span> <span class='ocrx_word' id='word_1_168' title='bbox 1030 1869 1277 1913; x_wconf 79' lang='lat' dir='ltr'>Spyridiaceis</span> <span class='ocrx_word' id='word_1_169' title='bbox 1304 1881 1339 1913; x_wconf 87' lang='lat' dir='ltr'>p.</span> <span class='ocrx_word' id='word_1_170' title='bbox 1368 1870 1443 1904; x_wconf 89' lang='grc'>217.</span> 
     </span>
     <span class='ocr_line' id='line_1_29' title="bbox 964 1926 1478 1971; baseline 0.002 -12"><span class='ocrx_word' id='word_1_171' title='bbox 964 1947 1004 1951; x_wconf 83' lang='lat'>——</span> <span class='ocrx_word' id='word_1_172' title='bbox 1028 1927 1314 1971; x_wconf 85' lang='lat' dir='ltr'>Areschougieis</span> <span class='ocrx_word' id='word_1_173' title='bbox 1340 1937 1374 1969; x_wconf 87' lang='lat' dir='ltr'>p.</span> <span class='ocrx_word' id='word_1_174' title='bbox 1402 1926 1478 1960; x_wconf 83' lang='lat'><strong>219.</strong></span> 
     </span>
     <span class='ocr_line' id='line_1_30' title="bbox 968 1984 1525 2029; baseline -0.002 -11"><span class='ocrx_word' id='word_1_175' title='bbox 968 2005 1007 2008; x_wconf 90' lang='lat'>—</span> <span class='ocrx_word' id='word_1_176' title='bbox 1033 1984 1362 2029; x_wconf 82' lang='lat' dir='ltr'>Rhodymeniaceis</span> <span class='ocrx_word' id='word_1_177' title='bbox 1388 1996 1422 2028; x_wconf 87' lang='lat' dir='ltr'>p.</span> <span class='ocrx_word' id='word_1_178' title='bbox 1449 1985 1525 2018; x_wconf 89' lang='lat'><strong>221.</strong></span> 
     </span>
     <span class='ocr_line' id='line_1_31' title="bbox 964 2041 1407 2086; baseline 0.002 -11"><span class='ocrx_word' id='word_1_179' title='bbox 964 2062 1005 2066; x_wconf 93' lang='lat'>-—</span> <span class='ocrx_word' id='word_1_180' title='bbox 1033 2041 1243 2085; x_wconf 83' lang='lat' dir='ltr'>Champieis</span> <span class='ocrx_word' id='word_1_181' title='bbox 1270 2053 1304 2086; x_wconf 91' lang='lat' dir='ltr'>p.</span> <span class='ocrx_word' id='word_1_182' title='bbox 1331 2041 1407 2076; x_wconf 87' lang='grc'><strong>226.</strong></span> 
     </span>
     <span class='ocr_line' id='line_1_32' title="bbox 963 2098 1546 2143; baseline 0 -11"><span class='ocrx_word' id='word_1_183' title='bbox 963 2119 1004 2123; x_wconf 78' lang='lat'>—</span> <span class='ocrx_word' id='word_1_184' title='bbox 1030 2098 1383 2143; x_wconf 77' lang='lat' dir='ltr'>Sphaerococcoideis</span> <span class='ocrx_word' id='word_1_185' title='bbox 1410 2110 1442 2143; x_wconf 85' lang='lat' dir='ltr'>p.</span> <span class='ocrx_word' id='word_1_186' title='bbox 1467 2100 1546 2133; x_wconf 83' lang='lat'><strong>230.</strong></span> 
     </span>
     <span class='ocr_line' id='line_1_33' title="bbox 962 2154 1436 2199; baseline 0.004 -11"><span class='ocrx_word' id='word_1_187' title='bbox 962 2176 1002 2180; x_wconf 91' lang='lat'><strong>—</strong></span> <span class='ocrx_word' id='word_1_188' title='bbox 1029 2154 1273 2189; x_wconf 80' lang='lat' dir='ltr'>Delesserieis</span> <span class='ocrx_word' id='word_1_189' title='bbox 1299 2167 1333 2199; x_wconf 90' lang='lat' dir='ltr'><strong>p.</strong></span> <span class='ocrx_word' id='word_1_190' title='bbox 1360 2156 1436 2190; x_wconf 82' lang='lat'><strong>239.</strong></span> 
     </span>
     <span class='ocr_line' id='line_1_34' title="bbox 961 2212 1606 2258; baseline 0 -11"><span class='ocrx_word' id='word_1_191' title='bbox 961 2234 1003 2238; x_wconf 97' lang='lat'><strong>—</strong></span> <span class='ocrx_word' id='word_1_192' title='bbox 1029 2212 1444 2248; x_wconf 74' lang='lat' dir='ltr'>Hehninthocladiaceis</span> <span class='ocrx_word' id='word_1_193' title='bbox 1470 2225 1503 2258; x_wconf 89' lang='lat' dir='ltr'>p.</span> <span class='ocrx_word' id='word_1_194' title='bbox 1529 2214 1606 2248; x_wconf 82' lang='lat'><strong>244.</strong></span> 
     </span>
     <span class='ocr_line' id='line_1_35' title="bbox 962 2269 1444 2316; baseline -0.006 -9"><span class='ocrx_word' id='word_1_195' title='bbox 962 2293 1005 2297; x_wconf 83' lang='lat'>-—</span> <span class='ocrx_word' id='word_1_196' title='bbox 1031 2271 1280 2316; x_wconf 76' lang='lat' dir='ltr'>Chaetangieis</span> <span class='ocrx_word' id='word_1_197' title='bbox 1306 2281 1340 2314; x_wconf 88' lang='lat' dir='ltr'><strong>p.</strong></span> <span class='ocrx_word' id='word_1_198' title='bbox 1366 2269 1444 2304; x_wconf 83' lang='lat'><strong>249.</strong></span> 
     </span>
     <span class='ocr_line' id='line_1_36' title="bbox 963 2329 1416 2373; baseline -0.004 -9"><span class='ocrx_word' id='word_1_199' title='bbox 963 2350 1003 2354; x_wconf 63' lang='lat'><em>-</em></span> <span class='ocrx_word' id='word_1_200' title='bbox 1030 2329 1253 2365; x_wconf 84' lang='lat' dir='ltr'>Gelidiaceis</span> <span class='ocrx_word' id='word_1_201' title='bbox 1280 2341 1313 2373; x_wconf 84' lang='lat' dir='ltr'>p.</span> <span class='ocrx_word' id='word_1_202' title='bbox 1339 2329 1416 2362; x_wconf 84' lang='lat'><strong>250.</strong></span> 
     </span>
     <span class='ocr_line' id='line_1_37' title="bbox 963 2387 1426 2432; baseline -0.004 -11"><span class='ocrx_word' id='word_1_203' title='bbox 963 2407 1004 2412; x_wconf 85' lang='lat'>—-</span> <span class='ocrx_word' id='word_1_204' title='bbox 1029 2387 1260 2432; x_wconf 81' lang='lat' dir='ltr'>Hypneaceis</span> <span class='ocrx_word' id='word_1_205' title='bbox 1287 2399 1319 2431; x_wconf 89' lang='lat' dir='ltr'>p.</span> <span class='ocrx_word' id='word_1_206' title='bbox 1345 2387 1426 2420; x_wconf 84' lang='lat'><strong>254.</strong></span> 
     </span>
     <span class='ocr_line' id='line_1_38' title="bbox 962 2444 1383 2488; baseline -0.002 -10"><span class='ocrx_word' id='word_1_207' title='bbox 962 2465 1004 2469; x_wconf 88' lang='lat'>—-</span> <span class='ocrx_word' id='word_1_208' title='bbox 1031 2444 1217 2478; x_wconf 82' lang='lat' dir='ltr'>Solierieis</span> <span class='ocrx_word' id='word_1_209' title='bbox 1244 2456 1278 2488; x_wconf 87' lang='lat' dir='ltr'>p.</span> <span class='ocrx_word' id='word_1_210' title='bbox 1305 2444 1383 2477; x_wconf 80' lang='lat'><strong>258.</strong></span> 
     </span>
     <span class='ocr_line' id='line_1_39' title="bbox 962 2500 1498 2547; baseline -0.009 -10"><span class='ocrx_word' id='word_1_211' title='bbox 962 2523 1002 2527; x_wconf 83' lang='lat'>——</span> <span class='ocrx_word' id='word_1_212' title='bbox 1028 2501 1335 2547; x_wconf 81' lang='lat' dir='ltr'>Spongiocarpeis</span> <span class='ocrx_word' id='word_1_213' title='bbox 1362 2512 1395 2544; x_wconf 88' lang='lat' dir='ltr'><strong>p.</strong></span> <span class='ocrx_word' id='word_1_214' title='bbox 1421 2500 1498 2533; x_wconf 79' lang='lat'><strong>262.</strong></span> 
     </span>
     <span class='ocr_line' id='line_1_40' title="bbox 963 2556 1463 2600; baseline -0.002 -7"><span class='ocrx_word' id='word_1_215' title='bbox 963 2580 1005 2584; x_wconf 82' lang='lat'>——</span> <span class='ocrx_word' id='word_1_216' title='bbox 1032 2557 1298 2592; x_wconf 78' lang='lat' dir='ltr'>Lomentarieis</span> <span class='ocrx_word' id='word_1_217' title='bbox 1325 2568 1359 2600; x_wconf 92' lang='lat' dir='ltr'><strong>p.</strong></span> <span class='ocrx_word' id='word_1_218' title='bbox 1387 2556 1463 2592; x_wconf 77' lang='grc'><strong>267.</strong></span> 
     </span>
     <span class='ocr_line' id='line_1_41' title="bbox 962 2612 1451 2657; baseline -0.006 -8"><span class='ocrx_word' id='word_1_219' title='bbox 962 2636 1003 2641; x_wconf 86' lang='lat'>—-</span> <span class='ocrx_word' id='word_1_220' title='bbox 1029 2613 1287 2649; x_wconf 78' lang='lat' dir='ltr'>Rhodomcleis</span> <span class='ocrx_word' id='word_1_221' title='bbox 1314 2624 1346 2657; x_wconf 90' lang='lat' dir='ltr'><strong>p.</strong></span> <span class='ocrx_word' id='word_1_222' title='bbox 1374 2612 1451 2647; x_wconf 82' lang='lat'><strong>269.</strong></span> 
     </span>
    </p>
   </div>
   <div class='ocr_carea' id='block_1_3' title="bbox 238 2672 1405 2721">
    <p class='ocr_par' dir='ltr' id='par_1_3' title="bbox 238 2672 1405 2721">
     <span class='ocr_line' id='line_1_42' title="bbox 238 2672 1405 2721; baseline -0.004 -10"><span class='ocrx_word' id='word_1_223' title='bbox 238 2678 332 2711; x_wconf 88' lang='lat' dir='ltr'><strong>XIV.</strong></span> <span class='ocrx_word' id='word_1_224' title='bbox 382 2679 433 2711; x_wconf 84' lang='lat' dir='ltr'>De</span> <span class='ocrx_word' id='word_1_225' title='bbox 460 2678 577 2711; x_wconf 67' lang='lat' dir='ltr'>fructu</span> <span class='ocrx_word' id='word_1_226' title='bbox 607 2676 746 2721; x_wconf 80' lang='lat' dir='ltr'>‹luplici</span> <span class='ocrx_word' id='word_1_227' title='bbox 772 2675 1022 2710; x_wconf 84' lang='lat' dir='ltr'>Floridearum</span> <span class='ocrx_word' id='word_1_228' title='bbox 1053 2674 1243 2718; x_wconf 83' lang='lat' dir='ltr'>opiniones</span> <span class='ocrx_word' id='word_1_229' title='bbox 1269 2684 1302 2717; x_wconf 93' lang='lat' dir='ltr'>p.</span> <span class='ocrx_word' id='word_1_230' title='bbox 1330 2672 1405 2706; x_wconf 88' lang='grc'><strong>275.</strong></span> 
     </span>
    </p>
   </div>
  </div>
 </body>
</html>
