1937 3315
322 219 402 259 225

319 330 419 370 nino
451 330 621 368 maturo
655 325 853 367 nucleum
886 324 1168 378 compositum
1191 323 1277 364 vidi
1300 322 1495 376 plurimis
1520 323 1738 373 nucleolis,
1762 337 1866 376 quo-

320 409 415 435 rum
462 393 623 446 singuli
669 392 866 433 articulis
912 383 1060 445 paucis
1106 390 1339 439 sterilibus,
1374 390 1497 441 quasi
1527 390 1865 442 placentarilms.

319 461 647 503 sustinebantur
678 460 777 512 (Ay.
799 461 880 501 tab.
905 460 1124 512 XIXJigs.
1145 459 1212 512 &);
1244 458 1331 498 haec
1363 457 1437 498 fila
1468 457 1737 510 placentaria
1769 462 1868 499 sunt

319 544 501 580 ramosa,
534 544 559 570 a
590 532 751 582 puncto
790 528 976 582 quodam
1015 527 1218 568 inferiore
1251 530 1293 567 et
1324 525 1529 566 interiore
1560 527 1870 578 provenientia,

320 597 527 640 nucleolis
573 611 917 650 quoquoversum
965 599 1007 636 et
1053 598 1296 636 extrorsum
1335 592 1622 634 radiantibus.
1682 592 1872 646 Contigit

320 680 489 719 quoque
520 665 704 706 dissecto
736 663 887 705 nucleo
918 663 1147 704 observare
1179 661 1287 702 alios
1320 660 1537 702 nucloleos
1569 661 1708 713 magis
1730 664 1869 701 matu-

320 749 402 784 ros,
435 732 678 787 gemmidiis
709 731 945 785 majoribus
976 735 1020 772 et
1051 731 1140 771 sine
1173 729 1321 771 ordine
1355 728 1638 782 conglobatis,
1671 729 1778 770 alios
1801 729 1870 782 ju-

320 802 461 842 niores
492 800 592 854 (Ass.
624 801 704 841 tab.
735 800 864 840 XIX.
886 800 961 852 fig).
996 803 1022 840 7
1051 799 1073 840 b
1104 799 1160 839 ad
1181 799 1241 851 ξιτ),
1276 797 1517 850 gemmidiis
1548 797 1664 837 intra
1695 796 1872 838 cellulas

324 870 528 910 matrices
573 867 715 908 adhuc
762 866 1058 919 quaternatim
1098 864 1351 918 conjunctis.
1412 864 1551 905 Lobos
1584 864 1725 905 nuclei
1752 864 1873 917 juve-

324 938 433 979 niles
464 936 579 978 infra
616 940 811 977 maturos
843 934 1086 988 dispositos,
1120 947 1233 973 nunc
1265 933 1320 973 ab
1353 933 1419 973 his
1449 933 1622 983 cinctos,
1656 933 1780 985 quasi
1810 932 1873 972 in-

324 1006 518 1056 teriores,
553 1004 651 1045 vidi.
698 1002 910 1044 Nucleum
941 1002 1204 1056 adparenter
1238 1001 1410 1041 unicum
1442 1005 1484 1042 et
1516 1000 1760 1051 indivisum,
1791 1000 1874 1040 levi

323 1073 443 1114 facta
475 1072 554 1113 sub
586 1071 746 1112 lamina
781 1071 917 1111 vitrea
948 1070 1178 1122 pressione,
1211 1068 1446 1121 aliquando
1477 1069 1520 1109 in
1551 1072 1719 1121 partem
1752 1082 1876 1120 supe-

326 1143 498 1191 riorem,
531 1145 574 1181 et
605 1140 736 1180 aliam
768 1139 1015 1180 inferiorem
1047 1138 1261 1191 dilapsum
1287 1138 1526 1188 observavi,
1550 1152 1734 1190 quarum
1756 1136 1876 1176 illam

327 1208 569 1262 gemmidiis
608 1207 792 1248 maturis
825 1206 1117 1255 constitutam,
1150 1205 1260 1246 1111116
1290 1205 1603 1258 posterioribus
1636 1205 1876 1258 generatio-

328 1278 455 1318 nibus
486 1279 783 1330 praegnantem
815 1289 1045 1327 agnoscere
1077 1274 1240 1327 putavi.

442 1344 637 1386 Sectione
682 1344 800 1384 facta
848 1342 1154 1396 longitudinali
1201 1342 1458 1395 cystocarpii
1495 1341 1728 1382 admodum
1760 1341 1877 1394 juve-

330 1413 430 1454 nilis
478 1412 681 1453 Pam-hece
717 1415 922 1452 coroma‘oe
953 1411 1014 1464 (Ξ
1046 1411 1322 1463 Callcwlaffllis
1352 1413 1549 1451 coronata
1580 1409 1714 1450 Ham.
1748 1408 1878 1460 Phys.

329 1485 462 1522 (castr.
495 1481 574 1521 tab.
607 1483 661 1521 97
686 1513 694 1530 ,
725 1478 967 1532 pericarpio
998 1477 1187 1519 nondum
1219 1478 1262 1518 in
1294 1491 1455 1518 cormia
1486 1476 1710 1530 producto,
1740 1479 1877 1516 totum

329 1549 514 1589 interius
546 1547 633 1587 vidi
665 1546 761 1597 filis,
795 1546 919 1599 quasi
951 1561 976 1586 a
1008 1545 1142 1586 fundo
1175 1560 1343 1586 sursum
1376 1548 1419 1586 et
1440 1548 1685 1586 extrorsum
1703 1544 1879 1585 radian-

331 1617 460 1667 tibus,
492 1618 747 1668 occupatum
778 1614 879 1667 (Ay.
912 1614 991 1655 tab.
1026 1614 1155 1654 XIX.
1175 1615 1250 1667 fiy.
1282 1616 1336 1656 5).
1398 1612 1493 1653 Fila
1524 1612 1614 1653 haec
1645 1616 1743 1653 sunt
1774 1612 1880 1652 arti-

331 1685 491 1735 culata,
531 1688 574 1725 et
612 1683 788 1724 articuli
822 1683 1091 1723 diversorum
1123 1683 1292 1723 filorum
1324 1682 1506 1723 invicem
1537 1680 1880 1722 anastomosibus

332 1753 673 1805 conjunguntur,
719 1765 771 1792 ex
816 1751 883 1791 his
920 1750 993 1791 fila
1025 1750 1313 1791 araclmoidea
1344 1749 1607 1791 reticulatim
1638 1748 1881 1801 conjuncta,

333 1834 426 1873 quae
472 1821 515 1861 in
561 1820 707 1860 fructu
747 1822 1065 1860 maturescente
1098 1833 1228 1871 supra
1261 1817 1480 1870 descripsi,
1513 1817 1601 1858 sine
1633 1816 1763 1857 dubio
1795 1815 1881 1856 for-

332 1892 520 1929 mantur.
581 1887 632 1928 In
662 1890 786 1940 parte
819 1886 1002 1927 centrali
1034 1886 1200 1927 fructus
1228 1884 1448 1939 juvenilis,
1481 1899 1591 1925 nunc
1624 1884 1745 1924 unico
1777 1883 1881 1933 loco,

335 1971 446 1996 nunc
492 1955 639 2008 paucis
685 1954 905 2008 paulisper
951 1954 1134 1995 invicem
1181 1953 1391 2003 discretis,
1439 1955 1650 2005 apparent
1687 1951 1883 1992 nonnulli

335 2023 507 2064 articuli
540 2024 706 2065 caeteris
738 2024 920 2076 majores
953 2028 995 2064 et
1027 2023 1224 2063 uberiore
1257 2021 1589 2063 endochromate
1611 2019 1773 2073 pallide
1796 2019 1882 2071 gri-

336 2106 405 2132 seo
451 2092 592 2137 farcti,
641 2096 843 2132 catorum
882 2106 981 2132 vero
1012 2092 1150 2132 forma
1183 2090 1480 2131 convenientes
1511 2092 1554 2130 et
1584 2089 1749 2141 pariter
1780 2101 1883 2127 ana-

337 2159 593 2200 stomosibus
620 2160 774 2212 juncti,
808 2173 913 2211 quos
946 2158 1133 2199 initiales
1166 2162 1364 2210 putarem
1397 2157 1667 2208 cellularum,
1700 2170 1883 2209 quarum

338 2228 498 2268 iterata
530 2227 819 2268 subdivisione
853 2227 1023 2268 demum
1055 2226 1287 2278 gemmidia
1318 2225 1573 2266 formantur.
1636 2224 1679 2266 Si
1711 2238 1809 2265 vero
1832 2238 1883 2264 ex

338 2296 403 2336 his
434 2294 599 2335 cellulis
630 2293 1052 2335 anastoniosantibus
1083 2293 1178 2334 aliae
1210 2293 1253 2333 in
1284 2293 1452 2346 stipites
1479 2291 1764 2345 placentmes,
1787 2290 1883 2331 alia*

338 2363 381 2404 in
427 2362 605 2403 cellulas
650 2367 870 2404 maternas
915 2361 1207 2403 nucleolorum
1254 2364 1577 2410 convertuntur,
1623 2363 1806 2413 apparet
1841 2359 1883 2399 in

339 2431 581 2484 Uhanipieis
627 2430 806 2471 candem
844 2444 1015 2483 quoque
1053 2443 1143 2470 esse
1176 2430 1357 2470 sormam
1391 2427 1643 2469 cellularum
1676 2441 1884 2480 generan-

340 2503 447 2542 tium
481 2516 611 2553 111111111
642 2501 684 2541 111
717 2500 1048 2553 Rhodymcnieis
1079 2502 1121 2538 ct
1153 2496 1489 2551 Rhodophylleis
1512 2511 1642 2550 supra
1664 2495 1882 2548 descripsi.

341 2570 422 2610 ‚s'ed
455 2570 543 2610 haec
576 2568 715 2609 forma
746 2568 869 2619 quasi
902 2567 1096 2620 pertistit
1127 2565 1290 2606 diutius
1323 2565 1366 2605 in
1389 2563 1653 2617 Champieis3
1685 2562 1883 2615 equidem

341 2637 518 2677 cellulas
565 2636 806 2690 gemmidiis
852 2638 1124 2688 przcgnantes
1171 2633 1372 2674 Istcmslwae
1417 2631 1757 2673 anastomosibus
1788 2644 1884 2670 cum

343 2705 548 2759 proximis
593 2704 734 2745 adhuc
766 2704 940 2755 junctas
972 2716 1062 2743 esse
1093 2700 1446 2753 quandoquidem
1478 2699 1582 2749 vidi3
1614 2702 1657 2739 et
1689 2697 1761 2737 fila
1793 2697 1884 2750 pla-

343 2773 537 2813 ccntaria
582 2772 765 2813 formam
797 2771 1051 2811 cellularum
1083 2769 1316 2810 initialium
1349 2767 1543 2809 articulis
1575 2767 1661 2806 suis
1692 2765 1884 2817 111111111111-

344 2841 443 2880 111111·
488 2840 723 2880 contractis
760 2842 802 2880 et
841 2837 1036 2878 dilatatis
1069 2837 1163 2886 (cfr.
1196 2837 1325 2877 Κῖιῗΐει
1359 2835 1488 2887 Phyle.
1521 2834 1601 2874 tab.
1633 2836 1778 2885 fissis).
1817 2834 1884 2883 10)

345 2907 580 2959 1111111111111111
612 2906 794 2958 prodere
828 2906 970 2946 forsan
1003 2907 1270 2945 censeantur.
