1937 3315
1515 176 1590 215 *261

64 298 140 325 san
177 282 350 324 credere
388 282 488 324 licet
519 284 647 324 fuisse
680 283 752 324 fila
783 284 981 336 quaedam
1013 286 1090 327 sub
1124 287 1252 327 simili
1284 288 1422 328 stadio
1453 287 1596 328 evolu-

64 350 191 391 tionis
237 350 390 403 posita,
423 364 516 402 quae
548 366 573 391 a
605 351 802 405 llarveyo
835 356 881 392 ut
914 352 988 394 fila
1019 354 1331 407 gcmmidiifera
1362 355 1596 397 monilifor-

63 419 148 459 mia
178 419 222 459 in
251 418 383 459 leb.
416 417 599 459 Gousltem·
631 419 808 471 depicta
839 421 1029 462 suerunt.

175 484 225 525 In
269 484 566 525 Met-istotlwca
604 486 819 536 paludosa
851 487 1018 528 fructus
1049 488 1306 530 evolvuntur
1337 489 1379 530 in
1411 488 1596 542 papulis,

63 566 156 606 quae
189 565 298 604 saepe
331 565 417 592 una
447 565 579 604 supra
610 551 795 593 alteram
826 554 1049 607 impositzu
1084 570 1214 608 supra
1246 556 1441 598 frondem
1473 556 1596 597 1111111-

62 621 214 661 tiorem
251 619 455 660 eminent.
516 617 700 660 Credere
732 619 832 661 licet
864 622 906 661 111
939 623 1119 675 singulis
1151 624 1322 676 papulis
1354 625 1417 664 ita
1448 639 1595 676 super-

61 688 210 742 positis
254 687 448 740 singulos
493 687 665 729 nucleos
702 690 900 741 generari
932 705 1072 741 posse3
1105 692 1217 743 quod
1251 705 1421 745 quoque
1452 692 1595 733 obser-

64 770 161 797 vare
194 755 357 796 credidi
388 755 432 796 in
463 755 626 796 nucleis
657 756 917 807 quibusdam
950 758 1199 810 majoribus.
1247 760 1316 800 Ita
1347 760 1426 800 sul>
1458 760 1595 812 primo

61 824 200 865 stadio
232 823 463 865 obveniens
495 823 671 864 nucleus
702 824 791 865 fere
823 824 1035 865 rotundus
1067 825 1273 878 adparuit
1301 830 1343 867 et
1365 827 1591 868 admodum

60 893 263 942 minutus,
296 890 443 932 nidum
474 890 645 932 filorum
678 892 942 933 constituens
973 892 1165 944 densum7
1198 908 1322 946 quem
1355 898 1493 936 strato
1515 895 1596 935 cir-

61 958 350 1001 cumnucleari
388 959 669 1012 compositum
700 960 818 1000 finxi.
879 960 1000 1009 Quod
1033 961 1067 1000 si
1098 961 1160 1002 ita
1192 966 1315 1013 esset,
1348 966 1486 1003 totum
1520 978 1595 1004 1111-

60 1028 196 1069 cleum
241 1027 366 1068 1110110
411 1026 499 1068 fere
544 1025 916 1079 Chaetangiearum
951 1041 1194 1069 accrescere
1227 1029 1469 1071 evolutione
1500 1045 1595 1071 cen-

60 1095 225 1148 trifuga
257 1094 384 1135 facile
416 1094 625 1136 crederes.

172 1162 223 1203 In
269 1162 564 1213 Caulac-(mtho,
611 1162 724 1215 quod
763 1162 908 1204 Genus
947 1163 1001 1204 ab
1034 1163 1131 1204 aliis
1164 1163 1334 1204 abludit
1366 1166 1595 1217 praesentia

59 1231 121 1272 fili
152 1230 280 1271 axilis
311 1230 547 1280 articulati,
581 1246 605 1272 a
637 1244 720 1283 quo
752 1231 861 1271 rami
893 1234 1099 1272 exeuntes
1131 1231 1205 1272 fila
1227 1232 1356 1273 strati
1379 1233 1596 1273 corticalis

59 1299 265 1349 efficiunt⁷
312 1298 477 1339 fructus
516 1312 686 1350 quoque
718 1301 983 1339 structuram
1014 1298 1233 1352 paulisper
1263 1302 1478 1340 mutatam
1508 1300 1595 1341 for-

59 1382 136 1409 san
180 1371 465 1421 exspectares.
528 1367 639 1416 Quia
683 1367 858 1409 nucleus
890 1367 1008 1408 intra
1037 1372 1208 1421 partem
1240 1368 1596 1410 intumescentem

58 1436 341 1489 penultimam
372 1435 483 1476 rami
514 1435 742 1486 formatur,
774 1435 869 1476 ideo
901 1435 1091 1476 fructum
1122 1435 1267 1477 videre
1298 1435 1399 1477 licet
1420 1450 1595 1489 supera-

58 1508 151 1545 tum
196 1508 319 1557 parte
359 1503 511 1553 sterili,
543 1517 653 1543 nunc
685 1516 855 1555 quoque
888 1502 1085 1556 pluribus
1117 1502 1298 1556 apiculis
1329 1503 1593 1544 ramulorum

59 1571 282 1613 sterilium.
328 1571 453 1612 Intra
484 1570 673 1611 fructum
704 1571 1058 1612 intumescentem
1090 1570 1177 1611 vidi
1209 1570 1329 1610 filum
1360 1570 1473 1611 axile
1496 1571 1594 1611 sub—

58 1639 241 1680 divisum
279 1640 322 1680 in
359 1638 504 1692 plures
536 1653 675 1680 ramos
709 1638 990 1691 subse-quales,
1023 1639 1211 1691 spatium
1242 1638 1426 1679 interius
1458 1638 1594 1691 longi-

58 1707 314 1749 tuclinaliter
360 1707 578 1748 distantiis
624 1706 857 1759 sub-aequis
903 1710 1218 1760 percurrentes,
1266 1705 1423 1758 quibus
1470 1706 1595 1758 quasi

58 1777 189 1818 ramis
233 1775 546 1829 principalibus
592 1775 799 1828 placenta*
848 1776 1115 1816 sustinentur
1160 1774 1317 1815 ramuli
1355 1774 1538 1815 minores
1570 1790 1595 1814 a

58 1844 213 1896 quibus
248 1843 321 1884 11111
359 1843 672 1895 gemmidiil'cra
710 1846 954 1884 extrorsum
985 1845 1143 1883 exeunt
1174 1841 1274 1894 (Ay.
1307 1842 1385 1882 tab.
1420 1841 1593 1882 XXXI.

46 1913 121 1965 fiy.
153 1916 181 1953 8
211 1915 249 1952 ct
278 1912 337 1965 9).
398 1911 448 1952 In
494 1911 570 1952 hoc
602 1911 819 1964 adparatu
849 1910 1089 1964 placentari
1121 1910 1457 1951 endochromata
1488 1910 1594 1950 arti-

59 1979 252 2020 culorum
294 1979 475 2020 invicem
506 1979 921 2020 anastomosantium
954 1978 1128 2019 uberius
1160 1981 1415 2019 coacervata
1445 1981 1487 2019 et
1519 1978 1595 2019 ad-

55 2047 309 2101 juvantibus
330 2047 446 2100 poris
468 2047 662 2088 dilatatis
685 2045 946 2088 confluentia
970 2046 1073 2098 ν1111;
1105 2045 1350 2100 placentam
1372 2046 1450 2086 hoe
1472 2046 1596 2088 modo

58 2116 101 2156 in
132 2115 302 2157 evoluto
334 2115 482 2156 fructu
513 2114 600 2156 fere
633 2115 814 2156 solidam
847 2115 1009 2156 diceres
1039 2115 1140 2168 (Ay.
1172 2116 1198 2155 l.
1230 2117 1357 2167 cnfiy.
1389 2119 1415 2155 9
1443 2114 1595 2168 adst),

59 2183 101 2224 in
131 2197 379 2225 numerosos
410 2197 551 2224 ramos
582 2182 791 2224 flexuosos
823 2187 866 2225 et
888 2186 1257 2224 anastomosantes
1280 2185 1594 2226 excurrentem,

60 2252 215 2306 quibus
246 2253 370 2305 quasi
399 2251 658 2304 placentulis
690 2251 958 2292 sustinentur
989 2250 1182 2291 fasciculi
1214 2249 1386 2291 filorum
1418 2249 1595 2301 gemmi-

61 2320 312 2361 diiferorum
344 2318 504 2371 singuli
536 2322 612 2359 aut
643 2319 788 2371 plures
818 2318 918 2370 (Ay.
952 2319 976 2358 l.
1009 2319 1128 2370 afiy.
1152 2323 1178 2357 1)
1199 2317 1357 2369 ‹ccltsjq),·
1390 2329 1594 2368 separan-

61 2391 133 2428 tur
164 2386 356 2428 fasciculi
387 2386 552 2427 fertiles
583 2386 668 2426 filis
700 2386 932 2435 sterilibus,
965 2385 1019 2425 ab
1052 2385 1148 2425 aliis
1185 2384 1365 2424 ramulis
1387 2383 1593 2436 placenta·

60 2453 411 2509 provenientibus
440 2453 541 2505 (Ay.
574 2454 599 2494 l.
632 2468 664 2493 c.
695 2453 858 2505 mss).
920 2451 1014 2492 Fila
1052 2451 1217 2492 sterilia
1249 2450 1469 2500 nonnulla,
1502 2464 1594 2503 quae

61 2539 113 2566 ex
144 2524 299 2564 infimis
330 2521 507 2562 ramulis
538 2521 747 2574 placenta=
778 2520 1047 2573 proveniant,
1080 2533 1207 2560 cursu
1239 2520 1375 2572 magis
1407 2519 1595 2572 longitu-

62 2591 198 2632 clinali
231 2589 429 2630 nucleum
461 2588 710 2638 ambientia,
742 2591 788 2628 at
816 2588 1046 2641 sparsiom,
1069 2587 1196 2628 strati
1219 2587 1596 2629 circunnmclearis

62 2660 243 2701 aliorum
274 2659 489 2698 Generum
521 2657 563 2697 in
590 2655 885 2697 Caulacantho
908 2655 1186 2708 suppeditant
1206 2657 1352 2707 partes
1375 2654 1595 2707 analogas.

63 2728 113 2769 Ι11
143 2728 299 2769 vicinia
330 2726 601 2779 carpostemii
635 2725 737 2778 (Ay.
769 2726 793 2765 l.
825 2742 857 2765 c.
877 2727 951 2777 ι119.
983 2730 1009 2765 9
1040 2725 1097 2765 ad
1127 2725 1190 2777 cs)
1222 2723 1492 2777 sparsissima
1523 2723 1596 2765 fila

65 2796 298 2841 observavi,
332 2808 426 2848 quae
458 2794 602 2835 forsan
624 2793 809 2847 analoga
830 2793 1073 2834 habeantur
1095 2792 1147 2834 iis
1170 2791 1352 2834 aliorum
1376 2805 1593 2844 generum,
