1937 3315
1640 193 1692 231 99

151 306 310 355 niatur,
358 319 448 346 esse
495 304 650 346 debere
698 307 844 357 postea
875 307 1030 348 ortum,
1069 319 1143 346 nec
1176 319 1261 346 una
1292 319 1385 346 cuin
1419 303 1571 345 fronde
1603 318 1692 345 sese

150 373 351 427 primitus
382 373 601 414 evolvente
636 377 803 423 natum,
837 373 950 426 quod
982 374 1166 426 primum
1199 378 1433 425 generatur
1465 386 1574 426 saepe
1606 373 1692 413 for-

149 456 262 482 mam
309 440 528 492 quandam
568 440 741 480 familia·
774 441 993 493 propriam
1026 441 1185 489 induit3
1232 440 1345 494 quod
1378 445 1525 494 postea
1556 439 1693 480 nasci-

150 512 234 560 tur,
266 522 375 562 saepe.
408 508 671 549 functionem
696 508 913 560 quandam
937 509 1091 562 speciei
1114 508 1373 561 peculiarem
1396 512 1576 562 spectat,
1599 521 1693 559 qua:

150 577 194 617 in
226 576 322 618 aliis
355 581 431 617 aut
464 576 549 618 alio
581 576 705 617 modo
737 581 1013 629 exsequatur,
1044 584 1120 617 aut
1152 592 1235 619 non
1268 577 1323 618 ad
1351 575 1692 618 01111195[1111111111ι

150 644 310 697 species
342 644 570 697 pertineat.

264 711 527 761 Quibusdam
560 711 663 752 locis
694 711 863 752 facilius
895 716 1077 765 apparet
1109 713 1289 754 diversis
1321 714 1470 754 stratis
1502 714 1693 755 diversas

150 780 389 821 functiones
434 793 524 820 esse
570 779 774 820 tributas.
840 779 895 820 Ut
941 781 982 821 in
1024 780 1174 822 fronde
1211 782 1493 823 decumbente
1526 787 1568 823 et
1599 797 1693 822 cen-

150 847 310 899 trifuge
347 851 617 888 accrescente
656 847 949 899 Hyssouelle'oe
980 849 1117 889 fornia
1149 851 1421 903 expansionis
1454 850 1638 904 pendeat
1669 865 1691 890 a

148 918 287 955 strato
332 913 546 961 inferiore,
593 914 655 954 ita
701 915 743 955 in
790 915 944 956 erectis
983 915 1193 957 Florideis
1231 917 1284 958 ab
1316 918 1523 959 interiore
1556 922 1694 958 strato

149 982 285 1023 forma
318 982 480 1024 frondis
513 983 678 1024 exstrui
710 986 846 1036 patet.
892 983 1001 1025 Hinc
1033 984 1199 1025 cellulae
1232 985 1360 1038 liujus
1391 986 1519 1026 strati
1550 987 1693 1038 saepis-

149 1051 251 1091 sime
284 1051 544 1105 elongantur
574 1066 624 1093 ea
655 1051 905 1101 directione,
928 1066 1016 1103 qua
1037 1052 1347 1106 expanduntur
1369 1053 1554 1094 frondes.
1600 1053 1693 1094 Cel-

149 1118 247 1159 lulae
294 1123 447 1159 contra
495 1119 621 1159 strati
661 1119 901 1169 exterioris,
935 1132 1028 1172 qua*
1062 1133 1172 1172 saepe
1204 1120 1245 1160 in
1278 1120 1350 1161 fila
1383 1120 1606 1161 vertis-alia
1639 1121 1693 1161 ab

148 1185 353 1226 interiore
385 1189 522 1227 strato
554 1187 758 1227 exeuntia
789 1189 831 1227 et
854 1190 1097 1228 extrorsum
1120 1187 1339 1228 radiantia
1361 1188 1694 1241 conjunguntur,

148 1257 247 1294 sunt
284 1255 423 1308 magis
454 1254 712 1305 rotundatae,
745 1259 822 1296 aut
854 1255 1093 1296 adultiores
1124 1255 1357 1297 directione
1390 1255 1501 1297 radii
1532 1256 1694 1310 paulis-

148 1336 223 1375 per
269 1322 540 1377 elongantur.
601 1324 748 1366 Strato
780 1325 1007 1375 exteriore,
1040 1339 1119 1366 sua
1150 1325 1386 1366 directione
1418 1339 1528 1379 saepe
1560 1326 1694 1367 conti-

150 1405 230 1432 nue
262 1395 542 1439 accrescente,
572 1392 744 1434 frondes
767 1392 962 1434 crassitie
994 1394 1240 1434 increscunt
1271 1397 1314 1435 et
1347 1393 1592 1435 limitantur
1623 1408 1695 1435 ex-

150 1462 348 1505 trorsum,
382 1460 444 1501 ita
476 1465 524 1501 ut
555 1460 699 1502 caules
729 1466 772 1502 et
803 1466 950 1515 partes
981 1461 1208 1503 inferiores
1240 1461 1488 1512 multarum,
1521 1476 1629 1514 quae,
1661 1462 1695 1502 si

150 1530 318 1568 tantum
352 1530 489 1569 strato
522 1528 726 1570 interiore
759 1533 1020 1580 constarent,
1053 1530 1283 1571 sectionem
1314 1530 1546 1582 ancipitem
1578 1545 1695 1571 inon-

150 1600 352 1644 strarent‚
400 1598 508 1638 liunt
553 1598 718 1639 ambitu
765 1597 1011 1639 rotundatae
1059 1598 1300 1639 evolutione
1347 1598 1476 1639 strati
1513 1598 1697 1639 cortica-

151 1664 216 1706 lis.
277 1665 326 1706 In
349 1666 579 1717 nonnullis,
611 1667 654 1707 in
686 1666 842 1720 quibus
874 1670 1061 1707 stratum
1092 1667 1401 1708 intermedium
1442 1666 1577 1717 adest,
1620 1667 1697 1707 hoc

150 1737 292 1774 ortum
339 1734 426 1776 fere
459 1734 654 1776 crederes
685 1739 733 1776 ut
765 1734 929 1776 cellulis
960 1735 1047 1776 suis
1079 1735 1243 1776 firmius
1274 1734 1591 1776 cohaerentibus
1622 1734 1697 1775 da-

151 1806 272 1843 retur
304 1802 436 1843 robur
466 1806 509 1843 et
530 1801 713 1844 firmitas
735 1802 892 1844 frondi.
940 1802 1010 1844 Ita
1031 1802 1074 1843 in
1096 1801 1215 1856 Spec.
1239 1802 1554 1855 Cryptom‘me'ae,
1578 1802 1698 1843 Prio—

150 1871 303 1912 m'tz‘dis
334 1870 554 1924 aliisque).

264 1938 428 1980 Praeter
472 1939 550 1980 has
592 1939 731 1992 inagis
769 1939 1129 1982 architectonicas
1160 1940 1416 1990 functiones,
1447 1938 1604 1992 quibus
1635 1938 1697 1979 in-

152 2005 346 2046 duuntur
391 2009 530 2046 strata
576 2005 759 2057 diversa,
806 2006 902 2047 aliae
946 2010 1046 2048 sunt
1077 2007 1312 2060 molegica.
1372 2006 1548 2047 Cellulae
1579 2011 1698 2047 exte-

153 2074 286 2115 riores
318 2073 604 2115 endochroma
636 2074 873 2116 coloratum
904 2075 1062 2123 fovent,
1096 2075 1164 2116 cui
1195 2074 1380 2116 colorem
1403 2089 1527 2115 suum
1550 2074 1697 2115 insoli-

154 2144 246 2181 tum
278 2140 436 2182 debent
467 2142 693 2193 Florideae3
740 2142 818 2184 hoc
849 2143 891 2183 in
924 2143 1203 2184 interioribus
1237 2142 1406 2184 cellulis
1438 2143 1591 2196 saepius
1622 2146 1697 2183 aut

154 2209 439 2258 desideratur,
472 2215 549 2252 aut
580 2211 624 2251 in
655 2211 764 2252 alias
795 2211 1064 2253 substantias
1086 2215 1428 2253 transmutatum
1451 2212 1547 2252 fuit.
1586 2211 1700 2261 Quo-

155 2291 250 2318 rum
282 2280 382 2318 sunt
413 2281 553 2319 strata
585 2278 712 2331 plura
743 2279 965 2330 interiora,
996 2293 1069 2320 eas
1101 2278 1336 2332 aliquando
1369 2293 1538 2332 quoque
1570 2279 1699 2320 iubis

156 2345 370 2386 diversum
402 2349 649 2387 contentum
681 2347 836 2395 fovere,
865 2347 956 2399 jani
988 2360 1119 2400 supra
1150 2347 1350 2388 indicavi.

269 2410 458 2453 Cellulas
488 2413 532 2454 in
563 2413 712 2454 multis
744 2414 952 2454 Florideis
984 2427 1073 2455 esse
1095 2414 1320 2466 contiguas
1343 2419 1385 2455 et
1406 2414 1555 2456 eodem
1576 2413 1700 2454 modo

158 2481 337 2523 invicem
369 2482 544 2533 vicinas,
577 2497 660 2536 quo
691 2483 736 2523 in
768 2483 863 2523 aliis
885 2482 1046 2535 plantis
1069 2482 1325 2535 ubicumque
1348 2482 1591 2527 obveniant,
1610 2481 1699 2534 jam

159 2548 269 2599 dixi3
316 2549 582 2590 constituant
619 2552 772 2600 strata,
812 2554 888 2590 aut
919 2549 1157 2600 fasciculos,
1189 2553 1265 2590 aut
1296 2549 1700 2602 agglomerationes,

159 2618 203 2658 in
235 2617 392 2671 quibus
423 2617 606 2671 singulis
637 2617 801 2659 cellulae
829 2618 1179 2672 juxtaponuntur
1211 2618 1298 2659 suis
1330 2618 1602 2669 membranis,
1624 2624 1700 2660 aut

159 2690 417 2739 separantur
448 2686 600 2738 spatiis
630 2686 1041 2738 intercellularibus3
1074 2690 1319 2728 contentum
1352 2687 1604 2728 cellularum
1638 2687 1700 2728 di-

161 2767 381 2795 versarum
414 2768 584 2807 quoque
616 2755 732 2807 poris
763 2755 996 2808 aliquando
1028 2756 1185 2810 perviis
1216 2760 1259 2796 et
1290 2754 1487 2796 dilatatis
1519 2755 1698 2797 invicem

161 2836 270 2875 saepe
318 2822 532 2876 conjungi,
578 2836 710 2875 supra
757 2822 1052 2864 demonstrare
1090 2827 1269 2864 conatus
1301 2836 1406 2862 suin.
1467 2827 1568 2872 Quae
1603 2838 1699 2864 vero

162 2890 304 2931 omnia
352 2890 393 2930 in
438 2889 536 2931 aliis
581 2890 664 2931 alio
711 2891 833 2932 niodo
880 2904 989 2944 saepe
1028 2889 1700 2943 perli‹·iu1nur;‹lcquibus-dani
