1937 3315
1592 167 1665 206 121

129 276 387 317 inordinatis
433 282 702 329 contextum,
749 279 932 331 denique
977 278 1168 318 infinum)
1201 277 1303 330 (Ay.
1336 279 1362 319 l.
1393 294 1424 318 ι’.
1446 280 1522 331 fiy.
1553 282 1583 319 2
1612 277 1668 320 Ιι.)

130 345 243 396 quod
276 346 552 386 constituitur
583 347 666 387 11115
698 347 909 399 elongatis
942 345 1318 400 llyphaeformibus.
1379 345 1473 386 Fila
1495 344 1668 399 hyphae-

129 411 283 453 formia
328 417 428 454 sunt
474 415 652 455 invicem
689 415 838 464 libera,
872 414 1061 467 plurima
1092 413 1396 466 longitudinali
1430 412 1666 453 directione

130 480 418 530 excurrentia,
465 485 509 520 at
550 482 666 522 vario
698 482 820 522 modo
853 484 1045 530 curvata,
1079 494 1190 521 nunc
1222 481 1487 533 superficiem
1522 493 1668 520 versus

128 547 240 587 flexa
285 551 328 588 et
367 548 481 589 inter
517 549 695 589 cellulas
726 549 853 590 strati
886 548 1128 589 intermedii
1161 548 1421 597 introducta,
1453 547 1595 587 omnia
1628 546 1668 586 ni

128 613 256 653 fallor
287 614 497 666 simplicia
529 619 571 655 et
602 615 894 661 inarticulata,
928 616 1044 654 intra
1077 614 1369 654 membranam
1401 615 1570 655 firmam
1593 629 1669 654 an-

129 682 420 732 gustissimum
466 682 617 722 tubum
665 683 913 723 interiorem
952 682 1161 732 foventia,
1203 682 1320 735 jodio
1352 682 1548 735 adposito
1581 682 1668 722 11100

129 762 212 787 11011
243 751 489 798 11111111111111·;
522 749 773 789 membrana
805 749 927 788 firma
960 762 1079 800 {uque
1104 748 1277 801 hyalina
1299 753 1457 795 manet,
1481 764 1555 790 nec.
1576 750 1669 802 pig-

129 817 318 854 mentum
349 814 567 855 internum
599 814 730 856 alium
763 815 945 855 colorem
980 814 1158 854 induere
1190 815 1290 854 vidi.
1337 818 1531 856 Stratum
1567 815 1669 857 vali-

128 880 241 930 dum,
282 881 392 933 quod
432 882 545 922 circa
577 882 729 923 tubum
760 882 918 921 axilem
950 882 1227 931 constituant,
1260 883 1506 923 accuratius
1537 883 1668 937 inspi-

125 948 266 999 cienti,
300 947 442 989 forsan
475 949 638 990 001111110
672 949 870 1001 quaedam
902 948 1076 1001 majoris
1107 948 1281 989 luminis
1314 949 1381 989 hic
1414 949 1503 990 illic
1534 951 1668 991 inter-

120 1016 245 1069 jectae
278 1017 605 1070 conspiciantur,
638 1018 681 1058 111
713 1017 869 1070 quibus
899 1016 1193 1058 membranam
1221 1017 1479 1058 exteriorem
1502 1018 1668 1059 tenuio-

123 1098 215 1124 rem
246 1087 288 1125 et
319 1088 565 1125 Contentum
596 1085 812 1126 internum
844 1084 1095 1136 ampliorem
1128 1083 1377 1136 dignoscere
1409 1083 1530 1134 licet,
1577 1098 1669 1137 quae

125 1166 224 1192 vero
270 1151 434 1192 cellulae
475 1156 550 1193 aut
588 1152 832 1204 fragmenta
864 1152 1034 1192 filorum
1067 1152 1265 1192 breviora
1296 1152 1359 1192 ita
1391 1155 1490 1192 sunt
1521 1166 1671 1204 sparsa

126 1222 173 1259 ut
218 1219 388 1259 facilius
434 1220 841 1272 przetermittantur,
889 1234 964 1260 nec
1010 1219 1155 1259 forsan
1191 1219 1235 1259 in
1274 1231 1534 1270 unoquoque
1576 1232 1669 1270 seg-

125 1290 269 1328 mento
300 1287 457 1327 adsint.

239 1354 282 1395 Si
327 1369 426 1396 vero
473 1358 741 1408 segmentum
771 1354 1085 1408 longitudinale
1117 1368 1193 1407 per
1223 1357 1393 1407 partem
1425 1368 1670 1407 supremam

124 1423 235 1462 rami
266 1422 496 1463 admodum
523 1423 723 1476 zjuvenilis
751 1423 1038 1473 observamus,
1063 1422 1192 1463 aliam
1215 1423 1383 1464 omnino
1406 1426 1670 1463 structuram

125 1490 377 1531 videbimus.
439 1490 578 1530 Filum
624 1490 736 1531 axile
776 1491 899 1531 adest
930 1491 1030 1543 (Agl.
1064 1491 1088 1531 l.
1121 1503 1154 1530 c.
1173 1491 1249 1543 ι119.
1282 1494 1309 1530 3
1341 1491 1433 1543 aar.)
1464 1490 1552 1530 fere
1584 1489 1670 1530 for-

124 1572 238 1598 mam
285 1556 581 1599 Callithamnii
627 1557 852 1611 cujusdam
896 1558 1100 1607 referens,
1142 1557 1438 1608 articulatum,
1470 1556 1671 1597 articulis

124 1626 239 1666 infra
285 1625 621 1679 diaphragmata
666 1626 901 1666 verticillos
946 1639 1164 1666 ramorum
1211 1624 1473 1677 gerentibus,
1512 1624 1668 1677 quibus

126 1696 267 1734 strata
298 1697 479 1734 externa
511 1693 675 1734 frondis
707 1693 784 1734 1100
816 1693 957 1734 stadio
989 1693 1326 1734 constituuntur.
1387 1691 1573 1732 Articuli
1600 1705 1668 1732 ra-

125 1775 293 1801 morum
324 1762 547 1802 inferiores
578 1762 674 1813 (Ay.
706 1762 730 1802 l.
762 1777 794 1801 c.
814 1763 890 1814 fiff·
922 1765 950 1802 8
969 1762 1058 1815 fs.)
1090 1764 1188 1801 sunt
1220 1760 1349 1813 paulo
1381 1760 1594 1813 longiores
1625 1763 1669 1800 et

126 1829 263 1882 magis
295 1829 568 1883 cylindracei,
603 1830 844 1882 superiores
875 1829 978 1881 (2451.
1009 1830 1033 1869 l.
1067 1842 1097 1868 c.
1120 1831 1196 1881 Ιβίῃ.
1218 1831 1350 1881 Spe.)
1384 1827 1601 1868 breviores
1623 1830 1669 1867 at

126 1896 214 1937 fere
235 1897 381 1938 eodem
404 1897 628 1948 diametro,
652 1911 795 1938 omnes
818 1897 1148 1938 endochromate
1171 1896 1434 1937 evidentiore
1451 1895 1668 1936 instructi.

125 1963 303 2005 Nullum
349 1968 534 2005 stratum
580 1965 882 2006 intermedium
929 1965 972 2005 in
1017 1965 1097 2006 hac
1129 1968 1253 2018 parte
1286 1977 1485 2016 suprema
1517 1963 1669 2004 distin-

127 2032 290 2085 guitur,
322 2047 396 2073 neo
427 2032 500 2073 fila
532 2033 842 2086 hyphaeformia
872 2032 1044 2074 adsunt.
1107 2032 1207 2074 Mox
1238 2046 1337 2073 vero
1369 2031 1483 2073 infra
1505 2032 1669 2085 apicem

126 2099 332 2140 articulos
368 2114 586 2141 ramorum
617 2100 866 2141 lateralium
899 2100 1262 2154 antepenultimos
1293 2101 1391 2152 (Ay.
1422 2100 1448 2139 l.
1480 2114 1513 2139 (κ
1533 2100 1610 2152 figs.
1641 2104 1669 2139 3

128 2169 214 2217 im.)
246 2166 419 2207 inflatos
442 2167 528 2207 vidi
550 2171 591 2208 et
612 2168 883 2218 rotundatos,
907 2167 1021 2220 quod
1044 2167 1086 2208 in
1109 2167 1384 2208 inferioribus
1405 2167 1536 2207 ramis
1559 2165 1669 2206 ulte-

127 2235 216 2274 rius
246 2234 459 2287 procedit,
491 2234 714 2286 dispositio
746 2235 906 2275 seriata
928 2234 1210 2275 articulorum
1232 2234 1459 2284 evanescit,
1482 2233 1667 2273 001111110-

128 2315 209 2353 que
231 2316 341 2342 1111110
362 2301 620 2352 rotundatae,
644 2306 720 2342 aut
741 2306 893 2343 mutua
915 2302 1133 2354 pressione
1156 2302 1388 2354 angulatae,
1412 2300 1668 2341 inordinatae

128 2371 352 2420 apparent,
399 2371 585 2408 stratum
622 2369 924 2409 intermedium
961 2368 1123 2409 frondis
1155 2368 1383 2408 adultioris
1414 2368 1476 2408 ita
1509 2368 1665 2407 consti-

128 2438 299 2475 tuentes
330 2435 432 2487 (Asl.
465 2437 491 2476 l.
522 2450 554 2476 0.
574 2438 650 2489 fiy.
680 2443 710 2477 2
741 2438 844 2486 emt).
906 2436 991 2477 Sub
1036 2436 1116 2475 hac
1147 2436 1529 2476 transformatione
1561 2435 1667 2475 arti-

129 2503 321 2543 culorum
367 2503 816 2555 antepenultimorum,
864 2502 1038 2543 articuli
1084 2502 1226 2542 ultimi
1273 2502 1444 2542 filorum
1475 2502 1667 2543 frondem

129 2571 482 2611 constituentium
514 2585 596 2611 11011
627 2574 871 2620 mutantur,
910 2570 982 2610 sed
1015 2570 1058 2610 111
1089 2569 1303 2609 adultiore
1336 2569 1498 2618 fronde,
1532 2569 1668 2610 forma

129 2642 172 2678 et
217 2638 495 2690 dispositione
543 2641 808 2686 conservata,
854 2638 927 2678 fila
972 2637 1194 2677 cortic-alia
1225 2636 1417 2677 efficiunt
1448 2637 1546 2687 (Ay.
1577 2637 1604 2677 I.
1635 2652 1666 2677 c.

126 2707 194 2757 fiy.
225 2709 256 2746 2
286 2717 337 2747 c).
398 2704 525 2744 Patet
570 2704 704 2756 igitur
742 2704 859 2744 filum
891 2704 1017 2754 axile,
1051 2707 1237 2744 stratum
1269 2702 1569 2742 intermedium
1601 2706 1666 2743 at-

132 2786 212 2825 que
244 2771 444 2813 corticale
475 2771 562 2823 jam
594 2784 678 2810 una
710 2785 805 2810 cum
837 2770 986 2811 fronde
1018 2784 1108 2811 sese
1140 2769 1358 2810 evolvente
1390 2770 1599 2820 generari,
1622 2774 1668 2810 at
