1937 3315
294 175 370 215 140

289 286 530 339 siphonum,
579 299 673 336 quae
712 284 970 325 exteriorem
1002 285 1204 338 paginam
1236 285 1391 326 ramuli
1424 286 1578 327 fertilis
1611 286 1825 327 incurvati

288 354 552 395 constituant
584 354 685 407 (Ay.
718 354 742 394 l.
776 367 806 394 c.
839 353 893 394 ad
926 354 1091 407 apicem
1122 354 1304 408 figurae).
1367 354 1425 395 Ut
1461 354 1712 396 adolescant
1750 370 1824 396 an-

287 421 487 467 theridia,
520 435 545 461 a
576 422 737 474 pagina
782 421 995 463 exteriore
1034 422 1089 463 ad
1122 422 1363 475 oppositum
1396 421 1510 463 latus
1542 426 1753 476 coguntur
1784 427 1826 464 et

287 489 348 529 ita
380 488 434 529 ad
467 489 715 530 interiorem
749 489 953 542 paginam
985 489 1166 543 (ramuli
1200 490 1436 544 incurvati)
1468 504 1577 542 saepe
1599 504 1825 531 numerosa

286 556 623 609 conjunguntur.
671 555 766 609 Ipse
798 556 990 597 ramulus
1022 556 1179 598 fertilis
1201 557 1250 597 fit
1271 571 1441 610 quoque
1463 570 1669 607 ramosus,
1692 560 1734 597 et
1755 571 1823 598 ra-

286 623 500 665 mulorum
523 623 712 677 plurium
735 624 983 665 antheridia
1002 625 1045 665 in
1069 624 1250 666 eundem
1273 624 1524 666 fasc-iculum
1547 624 1824 677 colliguntur.

286 690 468 744 Singula
500 692 746 733 antheridia
779 697 881 733 sunt
912 693 1079 734 sessilia
1111 693 1211 745 (Ay.
1245 693 1272 733 l.
1304 694 1423 746 rufis).
1446 696 1503 734 25
1520 694 1567 747 a)
1598 696 1675 733 aut
1707 692 1826 733 brevi

285 758 506 812 pedieello⁷
539 759 660 813 cujus
692 759 841 802 eadem
873 764 938 801 est
970 764 1203 803 structura,
1238 761 1384 801 affixa.
1445 759 1488 801 Si
1522 760 1600 801 sub
1624 760 1734 800 vitro
1756 774 1825 800 su-

285 826 530 880 perjacente
563 827 716 868 leviter
748 842 988 881 compressa
1019 832 1062 869 et
1094 826 1189 868 Chl.
1221 828 1265 868 Z.
1296 827 1420 869 Jodio
1453 827 1649 880 adposito
1681 826 1825 867 obser-

286 898 456 945 vantur,
503 895 738 936 innumeris
782 895 866 936 filis
917 896 1217 936 minutissimis
1263 899 1505 936 extrorsum
1551 894 1826 935 radiantibus

285 963 385 1015 (Ay.
432 963 511 1004 tab.
561 963 791 1004 XXXIII.
818 964 894 1016 fig).
926 966 984 1004 25
1013 964 1148 1017 7¹—(1)⁷
1193 964 1430 1004 constituta
1474 966 1707 1015 apparent3
1752 961 1827 1003 fila

285 1044 455 1072 ramosa
501 1030 646 1072 videre
679 1031 854 1081 credidi,
888 1032 1059 1072 extimis
1090 1032 1222 1072 ramis
1254 1031 1434 1072 clavatis
1466 1035 1542 1072 aut
1574 1031 1618 1071 in
1651 1030 1824 1084 globum

286 1098 594 1149 desinentibus,
627 1099 692 1140 his
724 1100 766 1140 ni
797 1099 928 1140 fallor
959 1099 1013 1140 ab
1046 1100 1328 1140 interioribus
1359 1100 1490 1140 ramis
1524 1099 1671 1140 eodem
1702 1098 1825 1140 modo

285 1166 529 1219 compositis
576 1166 851 1218 exeuntibus3
891 1167 935 1207 in
973 1167 1217 1208 antheridio
1249 1181 1275 1207 a
1306 1167 1413 1208 facie
1446 1170 1682 1220 conspecto,
1715 1167 1825 1208 rami

286 1233 434 1275 extimi
481 1233 629 1286 globos
675 1235 880 1285 referunt,
919 1235 1039 1288 eujus
1073 1235 1116 1275 in
1147 1234 1351 1276 interiore
1383 1234 1673 1287 eytoblastum
1705 1248 1824 1286 mag-

286 1316 400 1352 num,
432 1302 590 1355 parieti
621 1302 842 1352 adnatuim
878 1303 1020 1345 videre
1053 1303 1229 1344 credidi.
1278 1303 1420 1356 Ipsum
1443 1317 1566 1343 axem
1591 1302 1822 1343 antheridii

286 1368 452 1410 cellulis
484 1371 632 1422 paucis
665 1371 898 1423 majoribus
931 1375 1180 1412 contextum
1212 1376 1431 1423 putare1n3
1465 1371 1542 1411 bas
1574 1384 1672 1411 vero
1693 1369 1824 1410 cellu-

286 1437 351 1479 las
382 1438 444 1479 ita
475 1438 680 1480 obscuras
712 1439 811 1488 vidi,
845 1444 893 1480 ut
916 1440 967 1480 de
990 1454 1137 1481 earum
1161 1440 1390 1493 praesentia
1413 1439 1527 1480 haud
1552 1442 1696 1479 certus
1717 1452 1821 1478 sunl.

285 1506 410 1546 Rami
457 1507 691 1548 exteriores
738 1507 894 1548 clavati
942 1508 1085 1549 forsan
1119 1507 1298 1549 diversis
1330 1506 1465 1548 modis
1498 1509 1676 1556 exeunt3
1723 1520 1824 1546 non-

286 1573 425 1614 nullos
471 1574 741 1615 umbellatim
781 1589 805 1615 a
837 1575 998 1617 vertice
1044 1575 1260 1617 inferioris
1306 1573 1481 1615 articuli
1526 1573 1826 1627 provenientes

284 1642 455 1695 putavi3
496 1641 649 1683 leviter
681 1657 922 1696 compresso
954 1643 1200 1685 antheridio
1231 1642 1437 1684 articulos
1469 1642 1652 1683 extimos
1684 1641 1825 1682 clava-

286 1714 351 1751 tos
383 1714 509 1751 extra
540 1711 808 1763 superficiem
841 1711 1075 1752 antberidii
1108 1711 1343 1752 eminentes
1374 1709 1473 1759 vidi,
1502 1724 1553 1750 ex
1577 1723 1660 1761 quo
1684 1709 1825 1750 forsan

289 1777 543 1818 concludere
591 1777 740 1819 liceret
785 1779 953 1820 eosdem
995 1779 1072 1820 sub
1104 1779 1194 1831 ipso
1225 1778 1461 1819 emissionis
1492 1780 1592 1818 actu
1625 1777 1826 1818 anthero-

287 1859 459 1886 zoorum
491 1845 552 1885 ita
583 1845 861 1898 prolongatos
893 1846 999 1897 fieri,
1032 1851 1075 1888 et
1105 1846 1399 1887 membranam
1422 1849 1570 1898 postea
1593 1844 1824 1897 collapsam

288 1912 365 1952 sub
413 1915 606 1965 tempore
653 1914 839 1964 quodam
871 1914 1121 1966 persistere3
1168 1914 1313 1954 forsan
1346 1913 1423 1953 hoe
1455 1912 1577 1953 modo
1609 1911 1824 1964 explicare

288 1979 438 2021 liceret
483 1980 729 2021 antheridia
761 1996 786 2021 a
817 1981 979 2022 Derbes
1010 1985 1053 2022 et
1085 1980 1221 2022 Solier
1253 1981 1424 2033 depicta
1456 1979 1579 2032 quasi
1612 1979 1721 2020 ciliis
1753 1994 1824 2020 ex-

288 2046 521 2087 terioribus
554 2048 695 2088 cincta
726 2048 955 2100 adparere3
989 2048 1142 2089 saltem
1174 2048 1258 2089 alio
1291 2052 1368 2088 aut
1400 2047 1565 2088 meliori
1597 2047 1719 2088 modo
1741 2047 1825 2087 ico-

289 2128 361 2154 nes
393 2114 531 2163 datas,
565 2128 673 2167 quas
704 2115 829 2155 facile
861 2116 1031 2156 omnino
1062 2116 1340 2167 imaginarias
1362 2116 1457 2168 quis
1477 2119 1666 2167 putaret,
1689 2115 1824 2168 expli-

289 2196 385 2223 care
432 2196 654 2234 nequeam.
726 2182 793 2223 Me
841 2186 983 2223 tamen
1030 2197 1105 2223 nec
1151 2183 1408 2236 pedieellum
1454 2182 1822 2234 monosiphonium

291 2249 445 2290 vidisse
490 2249 709 2299 confiteor,
747 2265 821 2291 nec
861 2251 1090 2291 stricturas
1121 2248 1426 2303 peripheriezts,
1460 2264 1534 2290 nec
1567 2249 1726 2290 colores
1757 2264 1823 2289 sa-

289 2318 536 2368 tulatiores,
569 2318 724 2371 quibus
756 2319 896 2360 icones
928 2318 1201 2359 Derbesiana,¹
1233 2317 1422 2370 insignes
1450 2321 1562 2358 sunt.
1622 2317 1718 2370 Ipse
1749 2331 1823 2358 an-

289 2384 478 2426 theridia
523 2385 661 2426 colore
708 2385 910 2427 dilutiore
957 2399 1110 2427 carneo
1148 2385 1331 2435 suffusag
1369 2388 1411 2425 et
1442 2383 1536 2425 Chl.
1567 2384 1610 2424 Z.
1640 2383 1736 2425 Jod.
1768 2384 1823 2425 ad

288 2453 426 2506 posito
458 2453 531 2494 fila
562 2453 734 2494 elavata
766 2453 1021 2494 lutescentia
1052 2453 1152 2494 vidi.
1214 2453 1383 2493 Addere
1414 2451 1558 2505 placet
1580 2451 1823 2492 antheridia

289 2521 434 2563 eodem
468 2522 555 2563 fere
587 2526 780 2574 tempore
812 2526 985 2562 matura
1016 2522 1229 2571 obvenire,
1262 2536 1345 2573 quo
1378 2520 1645 2573 cystoearpia
1675 2523 1718 2558 et
1749 2520 1822 2559 sti-

289 2589 443 2640 vhidia,
491 2590 602 2642 quod
649 2590 819 2630 cuidam
865 2589 1056 2630 indicare
1096 2589 1315 2629 videretur
1352 2587 1698 2628 t'eeulldationem
1730 2586 1821 2626 fieri

290 2658 443 2699 debere
490 2657 567 2698 sub
615 2657 761 2698 eodem
808 2661 1010 2710 tempore,
1049 2672 1132 2709 quo
1164 2656 1254 2708 jam
1286 2655 1460 2696 evoluta
1490 2655 1724 2695 existerent
1754 2667 1820 2694 or-

290 2739 403 2777 gana
436 2739 529 2777 qun*r
562 2725 910 2765 feeundarentur.
972 2728 1074 2773 Qum
1107 2738 1132 2764 a
1162 2723 1324 2764 Derbes
1355 2726 1398 2763 et
1430 2721 1564 2762 Solier
1587 2720 1822 2771 Rytiplzlea*

289 2795 493 2833 tinam-ia»
523 2793 816 2845 depinguntur
848 2792 1094 2833 antheridia
1124 2793 1256 2845 (Anu.
1286 2791 1349 2833 Sc.
1383 2787 1819 2839 Nat.t0m.X11‹'.2›l.

291 2866 348 2901 35·
367 2862 442 2911 sig).
475 2864 527 2900 10
549 2864 585 2900 et
607 2861 692 2913 11),
725 2858 859 2899 multo
892 2860 1029 2912 magis
1059 2874 1155 2900 eum
1188 2859 1240 2900 iis
1270 2857 1538 2905 conveniunt⁷
1570 2868 1663 2907 quae
1694 2855 1735 2895 in
1766 2856 1819 2897 R.
