1937 3315
1579 185 1602 224 5

185 290 348 343 Partes,
395 306 489 345 qua·v
536 294 579 334 in
627 293 805 345 singulis
843 293 1001 334 adsunt
1039 294 1286 345 exteriores,
1319 297 1394 335 aut
1425 295 1603 335 invicem

72 356 276 398 differunt
323 360 434 400 notis
465 361 826 413 conspicuis,'2uit
857 360 899 400 in
931 360 1027 402 aliis
1059 364 1101 401 ct
1132 360 1366 412 aliquando
1398 361 1605 414 proximis

73 426 293 478 speciebus
340 427 426 467 ferc
472 428 731 468 confluentes
777 427 1100 468 clunractcribus
1137 428 1390 481 adpareant.
1451 430 1601 477 Quum,

70 492 289 534 Florideas
322 493 625 542 describentes,
659 494 885 537 nonnullas
915 496 1042 545 caule,
1076 496 1221 545 ramis,
1242 496 1371 548 soliis
1393 499 1473 537 etc.
1495 510 1603 549 prax-

68 560 181 601 ditas
213 561 373 611 dicunt,
406 562 514 602 alias
545 563 696 603 fronde
729 566 804 602 aut
837 562 972 603 thallo
995 563 1266 606 constitutas,
1291 563 1369 603 hoc
1390 563 1461 603 vix
1484 563 1604 605 aliud

67 628 278 681 significet
324 642 451 681 quam
497 633 642 681 partes
684 629 891 680 quasdam
923 629 965 669 in
998 629 1084 668 illis
1116 629 1316 670 obvenire
1349 630 1508 671 similes
1539 631 1602 681 iis,

66 709 173 747 quas
218 695 260 735 in
306 694 402 735 aliis
448 695 608 747 plantis
653 695 717 735 his
766 695 1006 735 nominibus
1038 695 1300 748 intelligant,
1332 697 1374 737 in
1407 697 1471 738 his
1504 712 1602 739 vero

65 761 270 815 ejusmodi
317 761 641 802 similitudinem
689 762 939 802 desiderari.
1001 762 1043 802 Si
1093 762 1242 803 iisdem
1289 767 1332 804 et
1379 764 1421 804 in
1458 779 1602 805 omnes

63 828 380 880 quadrantibus
424 828 747 869 characteribus·
783 831 927 880 partes
966 828 1062 878 illae,
1097 843 1190 880 (11110
1224 835 1323 870 sunt
1354 831 1601 883 plantarum

62 896 341 948 superiorum,
360 895 571 936 distincta*
589 895 927 948 postularentur,
944 895 1150 947 ejusmodi
1170 901 1315 948 partes
1338 898 1379 938 in
1395 898 1603 941 Florideis

61 963 312 1009 desiderari,
345 962 542 1015 equidem
574 962 850 1013 crediderim,
884 962 926 1003 Si
959 977 1058 1003 vero
1091 963 1230 1003 missis
1261 964 1600 1018 characteribus,

61 1032 132 1084 qui
178 1031 218 1071 in
265 1044 408 1072 omnes
454 1030 658 1080 valerent,
696 1034 841 1083 partes
878 1030 1177 1071 Floridearum
1211 1045 1519 1083 comparamus,
1559 1039 1601 1075 et

60 1099 218 1140 infimis
240 1112 407 1151 quoque
439 1097 755 1139 Callithamniis
786 1097 929 1138 caules
961 1101 1003 1139 et
1024 1098 1146 1148 rami,
1170 1101 1211 1138 et
1232 1097 1482 1139 Delesseriae
1506 1114 1598 1153 spe-

59 1166 203 1208 ciebus
234 1165 379 1206 caules
409 1166 518 1206 rami
549 1169 592 1206 et
622 1165 728 1205 folia
758 1165 828 1205 vix
860 1165 1140 1218 denegantur.

174 1232 322 1273 Multae
368 1236 467 1273 sunt
506 1232 712 1273 Florideae
746 1246 840 1284 qua*
874 1232 1107 1273 filamentis
1138 1232 1383 1273 articulatis
1416 1258 1464 1262 —
1500 1234 1598 1274 sini—

60 1301 241 1354 plicibus
273 1304 349 1341 aut
380 1300 560 1341 ramosis
593 1325 643 1328 --
676 1300 717 1340 h.
749 1314 783 1340 e.
817 1300 941 1351 quasi
973 1299 1137 1340 cellulis
1169 1300 1295 1340 nudis
1326 1301 1507 1353 simplici
1536 1316 1598 1342 se-

61 1371 121 1411 rie
167 1370 448 1422 superpositis
484 1372 696 1410 constant.
749 1367 1035 1421 Ectocarpeas
1066 1369 1179 1409 inter
1210 1368 1332 1421 algas
1363 1368 1599 1419 Ohvaceas,

60 1437 315 1479 Conferveas
347 1436 460 1477 inter
490 1436 805 1489 Zoospermeas,
838 1434 1044 1476 Nitellam
1066 1436 1179 1476 inter
1203 1437 1442 1488 superiores
1464 1436 1598 1491 Cryp-

61 1509 256 1558 togamas
304 1504 366 1544 ita
406 1504 617 1554 referant3
664 1503 880 1555 quondam
913 1517 1081 1555 quoque
1112 1501 1333 1544 Conservis
1364 1504 1429 1544 hae
1461 1504 1597 1545 adnu-

61 1576 235 1613 meratae
277 1572 463 1617 suerunt,
496 1574 647 1624 postea
677 1569 897 1611 Ceramiis.
956 1569 1093 1610 Hodie
1126 1569 1322 1621 analogae
1354 1570 1500 1611 formai
1534 1571 1597 1611 di-

62 1653 280 1681 versarum
312 1638 577 1691 familiarum
610 1638 763 1690 saepius
795 1636 1143 1685 considerantur,
1176 1651 1230 1676 an
1263 1651 1288 1676 a
1310 1638 1596 1690 systematicis

62 1707 278 1749 nonnullis
309 1714 325 1760 (
334 1708 372 1747 T
374 1707 493 1747 lem-et
524 1712 567 1747 et
596 1707 655 1747 Le
685 1706 812 1758 solis)
842 1705 984 1757 potius
1015 1704 1225 1745 familiam
1253 1705 1473 1757 propriam
1497 1718 1595 1745 con-

61 1776 238 1816 stituere
271 1774 412 1815 adhuc
444 1776 714 1822 censeantur,
746 1772 899 1812 nescio.

172 1842 280 1883 Sunt
311 1842 405 1883 aliae
439 1841 643 1882 Florideae
675 1839 919 1880 articulatae
950 1839 1274 1892 (Iblysz'pleom'a
1304 1840 1406 1893 etc.)
1437 1840 1479 1880 in
1501 1841 1594 1893 qui-

61 1911 138 1951 bus
183 1910 355 1951 articuli
400 1909 568 1950 filorum
605 1922 687 1949 non
725 1907 907 1960 simplici
940 1907 1108 1955 cellula,
1141 1907 1213 1947 sed
1245 1907 1441 1960 pluribus
1474 1921 1593 1959 aque

59 1978 198 2031 longis
243 1982 286 2019 et
331 1977 445 2018 circa
491 1975 690 2016 cellulam
735 1975 892 2016 axilem
933 1974 1214 2027 juxtapositis
1255 1974 1592 2025 constituantur3

60 2045 400 2099 Sphacellarieas
431 2045 542 2085 inter
573 2043 808 2093 Olivaceas,
840 2042 1026 2083 Charam
1059 2043 1171 2082 inter
1200 2041 1439 2094 superiores
1461 2040 1594 2095 Cryp-

60 2118 255 2167 togamas
288 2116 508 2153 structura
539 2111 627 2152 fere
659 2112 907 2152 referentes.
969 2109 1075 2149 Alite
1109 2113 1207 2149 sunt
1239 2109 1399 2162 species
1430 2108 1592 2163 Polysi-

59 2182 238 2235 phoniae,
271 2194 365 2234 quae
397 2181 558 2221 habent
590 2179 663 2220 fila
696 2193 956 2232 compressa,
990 2182 1091 2219 sunt
1122 2193 1292 2231 quoque
1314 2191 1474 2230 genera
1495 2193 1592 2231 pro-

60 2251 175 2290 xima
206 2249 470 2301 (Auamma),
512 2262 693 2300 quarum
725 2247 897 2287 frondes
928 2249 1147 2287 structura
1179 2249 1464 2298 congruentes
1497 2260 1591 2286 cen-

60 2320 233 2357 seantur
268 2316 369 2356 licet
400 2316 484 2355 sint
514 2315 683 2355 omnino
715 2314 867 2367 plante.
914 2312 1023 2353 Sunt
1054 2316 1097 2353 et
1128 2312 1225 2352 aliae
1257 2313 1417 2365 species
1439 2327 1591 2354 eorun-

60 2383 152 2424 dem
201 2383 426 2431 Generum,
474 2395 654 2433 quorum
700 2380 875 2420 articuli
921 2379 1216 2433 polysiphonei
1263 2380 1339 2420 sub
1377 2380 1591 2421 adultiore

61 2455 189 2491 atate
236 2450 354 2491 novis
399 2449 577 2495 cellulis,
625 2449 752 2488 aliter
790 2447 1007 2500 dispositis
1039 2452 1081 2488 et
1114 2448 1401 2495 conformatis,
1436 2448 1589 2487 sensim

61 2523 237 2560 externe
271 2521 496 2570 tegunturg
528 2516 660 2556 facies
691 2515 926 2556 articulata
950 2515 1026 2556 hoc
1048 2515 1172 2555 modo
1190 2515 1417 2555 evanescit.
1464 2513 1590 2566 Ejus-

60 2587 172 2628 modi
220 2585 478 2626 mutationes
516 2585 558 2624 in
594 2583 790 2636 plurimis
816 2584 1046 2636 'speciebus
1077 2582 1462 2623 Rhodomelearum
1494 2595 1590 2634 cog-

61 2655 159 2696 nita»
207 2656 317 2699 sunt,
365 2665 459 2703 «111111
507 2651 609 2691 1111111
656 2651 760 2691 satis
806 2665 1018 2704 superque
1051 2650 1236 2702 probant
1267 2649 1382 2689 haud
1415 2650 1588 2690 nimiam

61 2722 145 2762 vim
176 2721 242 2761 his
273 2718 597 2760 diversitatibus
629 2731 718 2758 esse
749 2717 1041 2759 tribuendam:
1076 2716 1203 2757 certis
1226 2715 1467 2769 Speciebus,
1490 2730 1589 2757 raro

59 2789 298 2832 Generibus
331 2786 513 2840 propria*
548 2785 761 2826 videntur.
