1937 3315
1597 166 1671 206 107

132 268 327 310 frondem
358 274 630 323 percurrunt,
662 272 704 313 in
736 272 1021 326 complanatis
1055 276 1176 328 quasi
1210 277 1340 318 ramis
1368 278 1486 319 novis
1509 292 1675 319 succro-

131 341 296 378 scentes
326 338 669 391 (Jea›anso-cteta),
704 355 853 382 nervos
886 341 1086 384 foliorum
1120 343 1160 384 in
1192 344 1354 397 plantis
1380 346 1674 399 superioribus

130 405 444 457 quodammodo
477 409 681 449 referant.
728 409 770 450 si
804 410 845 450 in
879 410 1096 452 nonnullis
1116 412 1438 464 (I'olyxiplmm'a
1459 414 1675 468 Brode'a‘e')

129 473 327 526 siphones
374 475 509 517 axiles
556 476 741 529 primum
791 478 879 518 nati
920 479 1245 521 circunnlantur
1277 481 1388 531 aliis,
1421 482 1495 535 qui
1528 482 1673 524 evolu—

130 542 243 583 tione
278 544 487 585 consimili
520 549 739 586 meatuum
774 546 1160 588 int-ercellularium
1192 548 1306 590 inter
1339 549 1537 602 siphones
1558 551 1671 603 peri-

128 610 336 653 centricos
384 617 425 653 et
469 613 629 654 axilcm
675 614 875 666 primitus
920 619 1070 655 natum
1117 621 1394 669 generantur,
1442 618 1507 658 his
1545 619 1670 670 quasi

129 677 377 720 fasciculum
423 680 646 733 siphonum
693 682 873 723 axilium
920 683 1168 725 adtribuere
1214 684 1376 736 liceret,
1424 687 1497 738 qui
1536 687 1674 740 magis

128 745 267 787 adhue
312 746 535 788 fasciculos
574 762 776 788 venarum
809 749 851 789 111
882 749 1042 801 plantis
1074 752 1368 803 superioribus
1400 753 1669 796 assimilaret.

127 813 431 854 Distinctiones
477 815 538 855 ita
576 816 713 856 factas
746 816 1061 868 quodammodo
1093 819 1339 860 confirmari
1372 821 1567 863 crederes
1600 838 1670 864 en—

125 881 413 923 dochromatis
458 883 500 923 in
548 882 727 924 diversis
772 885 921 926 stratis
968 886 1155 938 quadam
1200 886 1475 939 diversitate,
1522 890 1583 932 ita
1621 891 1671 931 de

123 948 454 1002 Chondriopsida
480 950 571 1003 jam
604 966 733 1005 supra
765 953 969 995 adnotavi
1002 955 1287 997 endochroma
1320 958 1510 1010 siphonis
1541 958 1669 1000 axilis

118 1017 236 1070 jodio
282 1017 477 1070 adposito
515 1018 699 1061 colorem
740 1020 1022 1063 lutescentem
1053 1038 1286 1075 assumere,
1319 1024 1420 1066 dum
1452 1026 1496 1066 in
1529 1026 1669 1080 sipho-

122 1084 247 1125 nibus
277 1085 638 1138 pericentralibus
670 1088 855 1130 colorem
883 1090 1186 1141 obscuriorem,
1210 1093 1571 1136 coerulescentem
1593 1098 1669 1136 aut

120 1152 361 1203 rubentem,
408 1154 499 1194 fieri
547 1155 646 1196 vidi.
708 1156 913 1200 Attamen
959 1160 1252 1201 confitendum
1299 1165 1363 1203 est
1404 1162 1480 1204 has
1517 1162 1669 1204 coloris

120 1220 381 1262 mutationes
425 1221 468 1262 in
513 1222 818 1277 Polysiphonia
855 1230 898 1268 et
934 1229 1080 1269 forsan
1116 1228 1335 1282 plerisque
1368 1230 1668 1272 Rhodomeleis

120 1289 259 1330 minus
289 1288 544 1343 plerumque
577 1292 828 1345 conspicuas
859 1309 948 1336 esse
981 1310 1111 1348 quam
1144 1296 1187 1337 in
1221 1297 1368 1338 multis
1400 1297 1497 1339 aliis
1530 1298 1668 1339 Flori-

119 1357 230 1408 deis,
275 1357 507 1409 adultiora,
554 1374 922 1415 quarumcumque
969 1367 1068 1405 sunt
1113 1364 1384 1413 cellularum,
1432 1366 1666 1408 endochro-

118 1429 236 1467 mata
256 1425 512 1479 plerumque
534 1428 783 1470 obscuriora
806 1432 930 1483 liunt,
954 1435 996 1473 et
1013 1433 1235 1485 juniorum
1252 1433 1461 1476 dilutiora
1478 1438 1667 1476 manent.

231 1494 281 1535 In
328 1495 547 1548 speciebus
592 1496 771 1539 Generis
818 1498 1059 1555 Nitophylli
1098 1501 1218 1542 nulla
1249 1502 1379 1543 series
1411 1502 1666 1544 cellularum

117 1562 243 1603 axilis
275 1567 433 1614 manet,
467 1578 560 1617 quae
592 1566 802 1619 originem
835 1568 960 1610 daret
992 1569 1112 1611 novis
1143 1569 1401 1611 cellularum
1425 1573 1667 1625 generatio-

117 1630 260 1681 nibus,
309 1636 558 1674 accrescunt
603 1634 774 1676 frondes
820 1636 978 1678 foliosa·
1010 1652 1035 1678 a
1067 1637 1248 1679 diversis
1293 1639 1501 1693 marginis
1546 1640 1662 1690 locis,

116 1713 192 1752 pro
240 1700 379 1741 forma
412 1700 644 1753 frondium,
684 1717 777 1756 quae
810 1705 865 1745 sit
900 1705 1081 1747 diversis
1113 1707 1334 1759 speciebus
1366 1709 1555 1762 propria.
1617 1709 1665 1751 In

114 1765 312 1818 partibus
352 1768 640 1811 exterioribus
673 1775 715 1811 et
748 1773 1040 1825 superioribus
1071 1773 1175 1815 folia
1207 1789 1316 1828 saepe
1349 1780 1547 1817 constant
1579 1778 1663 1819 5111-

116 1833 227 1886 gulis
260 1834 426 1875 cellulis
459 1836 955 1892 rotundato-angulatis,
988 1840 1185 1894 plurimis
1217 1842 1260 1882 in
1292 1842 1468 1895 planum
1500 1844 1665 1886 frondis

110 1903 409 1957 juxtapositis3
442 1905 485 1946 in
516 1906 731 1948 nonnullis
763 1908 952 1961 (Ne'toplt.
975 1910 1211 1957 ocellatumw)
1240 1911 1328 1952 fere
1351 1914 1489 1952 totum
1514 1913 1664 1955 folium

115 1971 262 2013 sterile
308 1972 373 2013 his
410 1972 576 2015 cellulis
615 1976 738 2016 unica
779 1978 887 2019 serie
914 1978 1220 2032 juxta-positis
1253 1983 1444 2031 constat,
1491 1981 1533 2022 in
1566 1982 1663 2024 aliis

114 2043 259 2093 partes
289 2040 515 2082 interiores
547 2046 589 2083 et
621 2043 856 2087 adultiores
888 2045 1105 2088 frondium
1138 2050 1236 2088 sunt
1258 2047 1479 2103 paulisper
1500 2050 1661 2092 incras-

114 2111 217 2149 satae
248 2111 291 2150 et
322 2108 517 2162 pluribus
563 2111 728 2153 cellulis
768 2114 881 2154 inter
920 2116 1103 2168 paginas
1135 2117 1416 2170 superpositis
1449 2122 1661 2160 contexta}

113 2175 212 2228 (Ay.
244 2177 321 2218 tab.
356 2176 556 2220 XXVII.
576 2180 651 2232 fiy.
684 2184 724 2232 3,
756 2185 793 2233 4,
826 2186 862 2234 5,
895 2184 983 2236 13).
1045 2183 1094 2224 In
1133 2183 1281 2224 multis
1313 2184 1484 2226 facilius
1516 2187 1660 2229 obser-

113 2258 213 2285 vare
258 2243 358 2285 licet
397 2245 575 2287 cellulas
613 2247 849 2291 directione
882 2251 1062 2304 paginas
1094 2266 1241 2293 versus
1274 2253 1470 2294 verticali
1502 2255 1659 2295 sensim

114 2325 369 2362 accrescere,
402 2313 688 2367 cellulamque
720 2317 782 2358 ita
814 2318 1046 2359 dilatatam
1079 2319 1343 2361 subdivisam
1366 2322 1457 2361 fieri
1478 2321 1659 2373 duabus,

114 2393 208 2433 quae
240 2379 409 2432 paginis
439 2381 660 2434 parallelae
693 2383 926 2426 obveniant
957 2385 1056 2437 (Ay.
1079 2386 1103 2426 l.
1126 2387 1256 2439 affy.
1279 2391 1319 2438 3,
1342 2391 1379 2438 4,
1403 2389 1491 2442 13).
1532 2387 1658 2430 Novae

113 2445 276 2488 cellulae
310 2460 417 2499 saepe
448 2447 511 2488 ita
542 2449 805 2501 regulariter
837 2452 1130 2504 superpositae,
1164 2456 1211 2492 ut
1241 2467 1267 2493 a
1288 2453 1397 2495 facie
1419 2455 1655 2498 observatae

112 2515 281 2557 unicam
313 2516 573 2558 constituere
608 2518 860 2572 adpar‹3=ant.
921 2520 1095 2562 Cellulae
1127 2523 1320 2575 geminae,
1353 2523 1415 2565 ita
1446 2524 1656 2578 formatae,

112 2582 258 2624 eadem
293 2582 526 2625 directione
559 2586 738 2639 paginas
772 2602 918 2629 versus
952 2589 1147 2630 verticali
1180 2604 1329 2631 rursus
1350 2597 1657 2645 accrescentes,

109 2652 265 2693 iterum
311 2651 658 2703 subdividuntur,
693 2658 735 2694 ct
767 2659 987 2708 (materna)
1019 2657 1196 2708 cellula),
1228 2657 1394 2700 duabus
1427 2662 1652 2703 exteriori-

112 2720 190 2761 bus
221 2723 264 2761 et
293 2719 460 2761 duabus
507 2721 788 2764 interioribus
827 2726 1081 2776 constitutae,
1114 2726 1260 2767 eodem
1294 2727 1419 2769 modo
1451 2742 1657 2782 superpo-

112 2788 203 2828 sitae
236 2792 422 2829 manent.
473 2788 577 2830 Mihi
610 2790 814 2844 adparuit
847 2793 1025 2836 cellulas
1057 2795 1296 2845 interiores,
1320 2809 1500 2849 quarum
1527 2798 1654 2841 endo-

110 2857 284 2899 chroma
314 2858 454 2899 minus
485 2858 725 2901 coloratum
758 2861 826 2912 sit,
860 2877 942 2905 uon
974 2863 1158 2905 ulterius
1190 2862 1426 2915 subdividi3
1467 2868 1654 2911 exterio-
