1937 3315
1553 170 1626 209 141

87 280 357 331 pimestroide
403 279 639 321 observavi.
701 280 748 321 In
797 280 964 321 wanlia
996 281 1220 322 obtusiloha
1255 281 1497 323 antheridia
1530 281 1630 330 vidi,

95 347 146 387 iis
180 346 228 387 R.
259 347 545 399 pinastroides
576 349 768 401 proxime
800 349 1100 401 ‹·‹‘›ngruentia;
1134 349 1205 390 fila
1227 349 1515 392 clavaeformia
1536 354 1629 389 tun-

96 418 186 454 tum
219 414 415 455 breviora
445 418 488 455 et
520 417 657 468 magis
688 415 871 469 oblonga
903 416 1008 456 mihi
1040 416 1320 458 obvenerunt.

208 481 257 521 In
306 482 582 534 J’laeoplum,
630 483 854 535 Polyzom'a
895 487 937 523 et
975 483 1129 536 Dasya
1165 485 1414 526 antheridia
1452 499 1545 527 cum
1579 486 1630 526 iis

99 548 404 602 l'olysiphouia‘c
436 551 627 602 proxime
659 551 881 591 convenire
914 551 1128 592 videntur.
1190 551 1307 592 Idem
1340 553 1482 593 forsan
1517 553 1628 593 valet

95 616 146 656 de
178 618 443 663 Odontlmlia,
476 619 598 670 cujus
629 618 889 668 antheridia,
912 619 1164 660 observante
1188 620 1435 673 Ix'iitzingio,
1459 635 1628 673 magna,

95 684 364 736 pedicellata,
388 685 641 727 lanceolata.
665 685 850 737 gonidiis
872 687 1152 728 transversim
1175 688 1385 729 ordinatis
1403 689 1628 737 instructa,

93 751 307 791 (licuntur.
357 751 510 800 Qualia
541 752 583 792 in
615 752 769 803 Dasya
800 753 981 803 destante
1012 754 1255 805 obveniant,
1279 756 1426 797 eudem
1445 757 1534 809 jam
1559 771 1628 797 su-

94 832 172 870 pra
203 817 429 870 descripsi,
456 818 666 870 juvenilia
698 819 769 859 filo
802 820 1125 872 monosiphonio
1158 824 1394 864 constituta
1417 825 1503 864 vidi
1524 825 1623 877 (Ay.

91 885 171 925 tal».
197 884 488 937 XXXILJQJ.
509 888 570 927 2&
590 887 653 939 α),·
675 886 848 927 articuli
871 888 1025 927 sensim
1049 888 1397 941 sulnlividuutur,
1421 892 1628 933 divisione

92 954 133 993 in
180 953 382 994 inferiore
429 958 552 1006 parte
591 955 824 995 antheridii
854 955 1098 1005 inchoante,
1131 960 1174 996 et
1206 970 1373 999 sursum
1406 961 1626 1013 progredi-

90 1025 206 1071 ente3
240 1022 302 1062 ita
334 1025 381 1062 ut
412 1022 453 1062 in
486 1022 632 1063 eodem
665 1023 909 1064 antheridio
941 1028 1109 1077 partem
1141 1024 1385 1066 inferiorem
1407 1031 1624 1068 structura

91 1089 325 1129 antheridii
358 1091 685 1132 maturescentis
717 1091 986 1143 instructam,
1010 1092 1228 1146 superiore
1253 1093 1319 1134 vix
1344 1098 1513 1136 mutata
1531 1110 1627 1137 con-

91 1157 252 1210 spicere
283 1157 383 1198 licet
413 1157 513 1210 (Ay.
547 1158 574 1198 l.
605 1172 637 1198 τ’.
658 1159 735 1211 fiy.
765 1162 825 1201 2&
846 1160 904 1213 b);
941 1160 1235 1201 autheridium
1266 1164 1484 1203 maturum
1517 1176 1627 1215 saepe

92 1225 384 1278 longissimum
417 1226 502 1266 vidi
535 1251 586 1255 -
619 1230 839 1269 structura
876 1232 1077 1270 caeterum
1109 1229 1282 1281 qualem
1314 1229 1628 1283 Polysiphoniae

91 1297 133 1333 et
177 1293 418 1346 Rytiphleae
465 1293 778 1347 descripserim.
840 1295 945 1336 Filis
992 1296 1333 1338 clavaeformibus
1365 1298 1628 1339 tenuissimis

90 1360 259 1401 (lenium
290 1361 407 1414 (post
438 1361 705 1403 emissionem
726 1363 1130 1418 antlierozoorum?)
1152 1364 1505 1405 evanescentibus
1526 1366 1626 1418 (Ay.

89 1428 113 1469 l.
145 1442 177 1468 (a
198 1429 277 1481 fiy.
307 1434 366 1470 ,28
397 1443 416 1469 (’
435 1432 511 1482 fiy.
544 1431 728 1484 (leaeo-a),
775 1430 893 1471 filum
926 1431 1207 1473 articulatum
1249 1432 1363 1474 axile
1394 1433 1627 1486 persistens

89 1496 325 1537 observavi.

201 1563 320 1612 Quod
368 1565 479 1605 inter
518 1565 907 1607 Rhodomelearum
937 1566 1120 1617 Genera,
1152 1567 1409 1609 antheridiis
1439 1569 1624 1610 maxime

87 1631 296 1672 abludens
327 1633 518 1685 cognovi,
551 1637 615 1674 est
647 1633 962 1685 Cleomlriopsis.
1002 1633 1175 1687 Organa
1197 1635 1240 1675 in
1262 1635 1340 1677 hoc
1362 1636 1625 1677 constituant

88 1703 280 1749 externa,
327 1699 381 1739 ad
429 1714 645 1741 ramorum
691 1701 834 1754 apices
870 1701 1154 1751 obvenientia,
1188 1706 1230 1743 et
1263 1703 1414 1744 saltem
1447 1704 1489 1744 in
1522 1718 1624 1745 non-

91 1765 219 1806 nullis
252 1766 472 1819 speciebus
494 1768 556 1808 ita
578 1782 747 1820 magna,
772 1772 819 1808 ut
842 1771 1062 1821 segmenta
1085 1783 1231 1810 eorum
1254 1770 1459 1812 conficere
1481 1771 1621 1812 liceat.

88 1833 136 1873 In
168 1833 447 1885 Choma-[0223.
477 1836 727 1875 temm'ssma
757 1838 799 1876 et
830 1849 855 1875 a
887 1835 1047 1876 Derbes
1069 1840 1111 1876 et
1135 1835 1271 1878 Solier
1292 1838 1339 1891 (l.
1362 1852 1392 1880 e.
1406 1840 1468 1891 pl.
1494 1839 1622 1881 XIX.

75 1902 149 1953 fl'y.
185 1902 316 1954 1—4)
347 1906 389 1942 et
420 1916 445 1942 a
476 1901 639 1943 Thuret
669 1902 818 1955 (A-ntle.
848 1903 920 1943 des
942 1903 1085 1956 Crypt.
1099 1918 1145 1956 J).
1168 1906 1296 1957 65221.
1318 1907 1364 1959 7)
1395 1907 1624 1948 observata

87 1968 274 2009 fuerunt.
327 1968 593 2010 Observante
625 1969 829 2011 'shuretio
860 1974 960 2011 sunt
990 1972 1245 2025 corpuscula
1276 1974 1454 2022 minuta,
1487 1975 1623 2016 forma

87 2036 307 2089 paulisper
346 2037 620 2090 irregularia,
660 2038 931 2091 planiuscula
963 2043 1008 2080 at
1039 2039 1191 2081 leviter
1222 2044 1353 2091 torta,
1385 2043 1525 2095 griseo
1557 2058 1623 2085 co-

88 2104 175 2145 lore
206 2105 438 2155 instructa3
484 2105 734 2158 plerumque
773 2107 1006 2160 cinguntur
1037 2108 1245 2160 margine,
1277 2109 1443 2151 cellulis
1475 2114 1622 2152 rotun-

87 2172 211 2219 datis,
260 2172 546 2213 enclocbroma
592 2172 805 2214 lutescens
843 2174 1098 2225 foventibus,
1130 2180 1366 2217 constante.
1428 2177 1622 2230 Utroque

88 2238 223 2280 latere
261 2239 454 2292 paginali
486 2239 651 2281 cellulae
684 2240 868 2294 liyalinze
902 2242 1168 2283 verticaliter
1198 2244 1347 2296 positae
1381 2249 1495 2295 sunt,
1527 2247 1621 2298 qui—

89 2308 164 2348 bus
195 2308 467 2349 continentur
498 2308 780 2360 antherozoa;
814 2309 903 2350 loco
934 2310 1134 2362 pedicelli
1157 2311 1281 2352 adest
1302 2313 1511 2353 articulus
1533 2328 1620 2354 mo-

88 2375 374 2428 nosiphonius,
421 2376 671 2417 membrana
709 2378 916 2418 crassiore
957 2378 1135 2429 cinctus,
1168 2394 1194 2420 a
1225 2394 1310 2431 quo
1341 2395 1512 2433 quoque
1542 2381 1619 2434 pili

87 2442 244 2494 singuli
276 2447 436 2483 exeunt
467 2443 518 2484 iis
550 2443 721 2493 similes,
754 2444 827 2495 qui
860 2444 914 2484 ad
946 2445 1090 2497 apices
1122 2460 1336 2487 ramorum
1370 2448 1524 2501 saepius
1546 2448 1619 2488 ob-

87 2513 326 2551 servantur.
387 2510 490 2550 Axis
535 2510 763 2551 cellulosus
807 2510 995 2551 medium
1041 2512 1274 2554 antheridii
1320 2519 1512 2568 occupat,
1545 2516 1618 2567 qui

88 2592 185 2618 vero
231 2592 312 2618 non
349 2577 428 2618 nisi
467 2582 561 2630 post
592 2577 855 2618 emissionem
888 2578 1243 2621 antherozoorum
1276 2582 1324 2622 fit
1354 2583 1617 2635 conspicuus.

59 2639 187 2694 ‘Quae
220 2646 308 2699 ipse
338 2645 403 2699 (in
435 2645 619 2686 Cleondr.
652 2645 929 2700 (Iasgspltylla)
959 2646 1181 2688 observavi
1214 2648 1459 2690 antheridia
1480 2650 1522 2691 in
1545 2650 1616 2692 de·

87 2713 359 2766 scriptionem
393 2713 539 2753 datam
571 2716 638 2754 sat
671 2713 774 2754 bene
807 2713 1047 2765 quadrant3
1095 2715 1261 2756 ambitu
1292 2716 1435 2758 forsan
1468 2723 1616 2760 rotun-

86 2779 220 2820 diora.
281 2780 475 2822 Sectione
521 2780 650 2830 facta,
683 2784 868 2821 stratum
899 2781 1080 2823 interius
1112 2783 1198 2823 vidi
1231 2783 1394 2825 duobus
1426 2786 1616 2827 seriebus

87 2845 337 2887 cellularum
384 2847 731 2898 rotundatarum,
779 2861 961 2900 quarum
1007 2862 1185 2902 quaeque
1223 2850 1331 2890 3—4
1363 2851 1614 2895 cellularum
