1937 3315
1502 190 1582 231 273

62 306 246 351 articuli,
279 307 349 360 qui
383 322 457 347 suo
489 312 678 360 tempore
710 310 809 348 sunt
842 305 994 356 ultimi,
1026 306 1267 347 increscunt
1289 303 1584 357 magnitudine

61 380 103 417 et
133 375 288 415 sensim
320 375 361 414 in
393 374 572 415 formam
605 373 928 425 gemmidiifcris
960 374 1123 427 privam
1147 376 1466 415 convertuntur.
1517 371 1586 425 Ip-

61 457 151 483 sum
183 441 472 494 gemmidium.
504 441 616 493 quod
650 442 714 481 bis
745 445 989 483 contentum
1024 445 1088 481 est
1119 441 1349 494 pyriiorme
1381 443 1456 480 aut
1487 439 1586 480 obo-

62 514 221 559 vatum,
259 508 456 549 emissum
490 522 585 548 mox
617 508 898 549 rotundatum
930 508 1030 548 vidi.
1090 508 1384 549 Membranam
1416 505 1589 547 articuli

61 576 202 618 effoeti
242 589 339 615 mox
372 574 605 627 collapsam
636 575 756 626 apice
788 575 940 619 lacero,
974 588 1083 616 nunc
1116 578 1322 627 apertura
1353 573 1589 614 rotundata

62 644 174 685 infra
204 644 367 697 apicem
399 646 570 695 ruptam
601 641 665 696 (in
709 642 901 696 I'idale‘a)
932 642 1280 694 ‹ipiaiidoquidein
1311 641 1546 683 observavi.

174 712 320 752 Prima
351 711 474 751 initia
507 709 646 750 nuclei
678 709 721 750 in
753 709 907 750 cellula
938 711 1099 761 majore
1131 709 1486 762 1·0tun‹lata(A9.
1509 709 1588 750 tab.

64 779 293 821 XXXIII.
313 779 388 831 fiy.
420 779 493 831 10)
525 777 668 818 videre
701 776 877 822 credidi,
911 791 1037 828 quam
1064 778 1425 818 transmutatione
1447 777 1590 830 sipho-

63 849 126 889 nis
158 848 284 888 axilis
315 846 489 887 articuli
521 845 733 887 fructiferi
765 848 904 886 ortam
936 847 1177 898 suspicatus
1209 861 1314 887 sum.
1374 846 1590 895 Quomodo

63 930 160 957 vero
198 916 285 956 haec
323 915 364 955 in
398 913 577 956 cellulas
608 914 880 967 placentares
912 913 1190 964 divideretur,
1222 914 1326 954 mihi
1358 914 1477 967 sequi
1510 928 1591 954 non

64 985 197 1026 licuit.
251 984 299 1024 In
332 983 475 1024 fructu
504 981 684 1036 juvenili
725 982 860 1034 Poly&
892 982 1082 1022 violas-ece
1114 981 1292 1022 cellulas
1323 981 1590 1035 placentares

62 1052 207 1106 plures
254 1050 352 1101 vidi,
391 1065 416 1091 a
455 1050 610 1103 quibus
655 1050 744 1090 exit
782 1049 1011 1090 fasciculus
1042 1048 1212 1099 fertilis,
1244 1054 1443 1090 constans
1475 1053 1591 1090 exte-

63 1119 249 1161 rioribus
295 1118 550 1172 quibusdam
586 1117 670 1158 filis
702 1116 921 1158 sterilibus
953 1115 1299 1170 simpliciusculis
1331 1141 1381 1145 -—
1404 1130 1591 1167 parma*-

62 1188 243 1228 ‘matilms
274 1212 324 1216 —
357 1189 399 1227 et
444 1185 721 1226 interioribus
768 1184 851 1224 filis
892 1184 1170 1234 brevioribus,
1202 1183 1593 1236 pauci-articulatis

63 1259 106 1296 et-
137 1254 329 1304 ramosis‚
362 1268 542 1307 quorum
574 1253 618 1293 in
649 1252 847 1294 articulis
878 1252 1042 1292 ultimis
1074 1251 1305 1305 gemmidia
1331 1252 1421 1304 jam
1444 1251 1592 1304 digno-

63 1328 239 1364 scantur
276 1323 375 1376 (Ay.
407 1323 486 1363 tab.
521 1322 751 1363 XXXIII.
770 1323 845 1375 ιῙῐῃ.
877 1322 964 1375 17).
1025 1320 1325 1371 Paranemata,
1373 1333 1467 1373 quae
1515 1319 1592 1360 sub

66 1392 142 1432 hoc
188 1390 328 1432 stadio
367 1389 563 1431 articulis
595 1389 831 1430 numerosis
862 1389 1098 1429 constituta
1128 1388 1318 1437 fuerunt,
1351 1388 1485 1429 serius
1517 1401 1593 1428 sae-

64 1459 159 1512 pius
192 1472 443 1499 evanescere
466 1462 588 1511 puto3
621 1457 749 1498 telam
774 1457 1069 1498 transitoriam
1092 1456 1169 1496 hoc
1192 1456 1314 1497 modo
1332 1455 1593 1506 aemulantia⁷

65 1540 192 1579 quani
223 1526 267 1566 in
295 1525 473 1579 juvenili
506 1524 770 1579 cystocarpio
804 1524 834 1563 F
839 1523 1101 1565 loridearum
1133 1524 1285 1576 saepius
1317 1524 1591 1577 deprehendi.

65 1594 114 1634 In
151 1593 247 1634 aliis
279 1606 447 1646 quoque
478 1593 521 1633 in
554 1592 770 1633 adultiore
803 1591 943 1633 fructu
979 1591 1213 1644 aliquando
1246 1592 1504 1644 persistuntg
1550 1592 1594 1632 in

76 1662 245 1703 Vidalla
275 1662 462 1715 cingitur
493 1661 768 1702 circumcirca
801 1659 974 1701 nucleus
1006 1663 1202 1700 maturus
1233 1660 1428 1713 plurimis
1451 1659 1546 1707 filis,
1569 1674 1593 1700 a

68 1730 158 1771 basi
204 1729 343 1771 nuclei
389 1728 761 1779 adscendentibus,
795 1728 1125 1780 carpostomium
1159 1742 1304 1769 versus
1336 1741 1593 1780 convergen-

66 1798 195 1847 tibus⁷
233 1796 520 1838 exterioribus
556 1796 775 1849 paulisper
811 1796 1084 1838 firmioribus.
1117 1795 1396 1837 interioribus
1428 1796 1593 1837 tenuio-

67 1866 186 1906 ribus
216 1864 574 1906 moniliformibus
605 1864 703 1917 (Ay.
735 1864 815 1905 tab.
850 1863 1079 1904 XXXIII.
1098 1864 1175 1917 fig).
1205 1867 1264 1906 26
1294 1868 1331 1905 et
1360 1867 1418 1906 26
1448 1864 1502 1918 b).

180 1933 299 1987 Apex
345 1932 515 1979 ramuli,
562 1946 587 1973 a
626 1946 708 1985 quo
740 1933 1051 1986 cystocarpium
1085 1932 1208 1985 quasi
1239 1931 1433 1973 ramulus
1464 1946 1595 1973 novus

68 2002 218 2054 surgit,
250 2015 358 2042 nunc
390 2000 549 2042 desinit
580 2001 621 2042 in
652 2000 785 2054 pilum
818 2000 1134 2054 subhyalimun,
1167 2014 1291 2053 quem
1315 2004 1443 2042 antea
1466 2014 1594 2053 quam

68 2162 162 2195 buit.
199 2162 242 2195 In
268 2160 535 2195 dissertatione
564 2172 676 2204 supra
701 2160 816 2193 allata
843 2160 907 2193 l):r
931 2160 1191 2193 Janczeuwski
1211 2160 1506 2205 descriptionem
1528 2172 1593 2194 nu-

69 2218 138 2252 clei
167 2218 307 2262 Dccsyoe
332 2229 351 2251 a
376 2228 433 2251 me
460 2217 584 2251 datam
612 2216 856 2260 vituperavit,
884 2220 1053 2250 statuens
1075 2227 1205 2260 sporas
1226 2228 1444 2251 numerosas
1463 2217 1502 2250 in
1521 2218 1594 2250 filis

69 2275 383 2310 moniliformibus
412 2275 570 2308 seriatas
598 2274 795 2315 obvenire;
823 2273 913 2317 quin
939 2273 1051 2307 immo
1079 2274 1203 2307 icones
1231 2274 1338 2307 dedit
1366 2274 1439 2316 (Pl.
1475 2274 1595 2318 Κήρ.

70 2336 90 2368 7
116 2336 148 2366 et
174 2335 209 2368 S)
244 2332 376 2375 quibus
404 2332 691 2365 illustrarentur
717 2330 898 2374 ejusmodi
925 2329 987 2362 fila
1013 2329 1290 2373 gemmidiifera
1319 2330 1459 2374 Dasyoe
1484 2332 1593 2364 cocci-

69 2400 155 2424 necc.
204 2389 343 2422 Iterum
370 2388 488 2431 igitur
513 2388 749 2431 cystocarpia
778 2388 825 2421 D.
851 2388 1021 2420 coccineae
1047 2385 1274 2429 examinavi,
1303 2389 1341 2419 at
1367 2386 1496 2419 eadem
1517 2386 1594 2419 vidi

71 2445 195 2490 qualia
226 2449 336 2478 antea
364 2446 437 2487 (Sp.
466 2444 551 2487 Alq.
574 2455 614 2487 p.
644 2446 749 2478 1187)
779 2443 974 2486 descripsi.
1027 2442 1171 2481 leones,
1199 2453 1220 2474 a
1244 2442 1310 2474 Dzr
1336 2441 1594 2475 Janczeuwski

72 2504 185 2546 datae,
210 2502 302 2535 mihi
328 2503 491 2545 probant
516 2512 597 2534 euni
626 2500 815 2544 specimen
843 2500 1070 2533 exsiccatum
1099 2500 1339 2540 observasse3
1372 2500 1595 2543 corpuscula

73 2560 223 2601 seriata,
250 2570 330 2602 quae
358 2569 487 2602 sporas
514 2557 687 2593 eredidit.
715 2560 802 2590 sunt
820 2568 876 2590 me
891 2556 1017 2599 judice
1038 2556 1331 2590 endochromata
1349 2557 1593 2590 articulorum

73 2616 272 2657 sterilium,
300 2615 433 2660 quibus
460 2615 743 2650 constituuntur
769 2614 917 2648 filorum
944 2614 1126 2647 fertilium
1154 2618 1280 2658 partes
1300 2613 1510 2648 inferiores.
1552 2615 1594 2648 In

71 2675 196 2708 fructu
222 2675 266 2708 ab
294 2676 443 2707 auctore
471 2673 670 2707 observato
696 2672 898 2714 gemmidia
924 2682 1012 2705 vera
1037 2671 1171 2705 effoeta
1197 2671 1378 2715 suspicor.
1429 2671 1595 2716 Kiitzing

74 2731 127 2773 (in
155 2730 304 2774 Pliycoz.
336 2729 424 2763 Gen.
452 2729 523 2763 tab.
549 2732 604 2763 51.
635 2727 686 2761 II.
706 2728 772 2771 fiy.
799 2731 832 2764 6)
861 2727 923 2761 fila
950 2728 1183 2771 placentaria
1201 2728 1394 2769 ejusmodi,
1416 2729 1451 2761 ni
1471 2728 1592 2764 fallor.

75 2788 207 2822 effoeta
232 2789 269 2821 et
295 2789 381 2830 post
418 2785 655 2819 omissionem
681 2785 965 2829 gominidioruni
993 2784 1118 2817 soi-san
1147 2784 1305 2817 ulterius
1334 2785 1485 2818 evoluta
1512 2786 1593 2830 pin-

75 2845 144 2887 xit,
170 2845 303 2888 quibus
330 2843 563 2886 corpuscula,
591 2841 738 2875 nomine
768 2840 1061 2876 ’'Neben..s·amen⁷⁷
1080 2840 1290 2885 designata,
1311 2841 1497 2876 contineri
1518 2854 1593 2876 cre-

77 2901 184 2935 didit.

1464 2946 1506 2980 18
