1937 3315
310 197 389 236 ‘21ss

310 307 431 359 cipue
469 306 511 346 in
550 303 763 345 Farlowia
794 303 899 345 mihi
932 303 1115 357 contigit
1146 304 1377 347 sectionem
1409 305 1636 349 observare
1667 307 1730 349 ita
1760 307 1846 349 evi-

311 374 493 423 dentem,
527 376 575 413 ut
605 372 711 412 mihi
743 371 794 413 de
827 372 1125 413 observatione
1157 371 1278 414 nulla
1308 376 1476 414 restant
1508 373 1653 425 dubia,
1685 378 1727 415 ct
1758 376 1784 415 l.
1816 391 1847 416 c.

309 444 477 495 partem
508 439 571 480 1111
602 439 817 492 depictam
849 440 1009 490 videas,
1042 453 1136 493 quae
1169 454 1194 481 a
1215 454 1262 492 p.
1296 441 1350 482 ad
1373 455 1422 493 p.
1454 441 1651 482 articulis
1683 444 1706 483 8
1736 457 1846 484 com—

308 509 497 562 ponitur,
545 521 727 560 quorum
775 510 797 548 ζ)
844 507 975 549 1110(111
1006 507 1183 549 fuerunt
1214 507 1391 559 fertiles,
1425 509 1561 562 glebis
1594 509 1847 551 cellularum

309 593 334 617 a
381 575 562 629 singulis
608 575 715 616 focis
761 589 1103 628 quoquoversum
1150 576 1327 617 emissis.
1390 576 1599 629 Equidem
1632 577 1849 618 crederem

310 644 453 698 plures
498 643 714 684 nucleolos
750 643 829 684 hoc
867 643 991 685 modo
1024 642 1231 685 formatos
1261 648 1410 697 postea
1442 644 1695 696 coalescere,
1728 646 1850 697 quasi

311 714 564 765 consumpta
610 711 781 752 demum
828 711 986 752 cellula
1031 711 1284 765 placentari,
1318 726 1343 753 a
1375 726 1461 765 qua
1492 712 1649 766 singuli
1682 714 1851 755 emitte-

310 782 476 821 rentur.
538 779 880 820 Maturescentes
927 778 1095 819 fructus
1135 779 1177 820 in
1210 779 1534 835 Sarcophyllide
1567 780 1655 821 vidi
1686 781 1853 823 ambitu

311 849 448 902 magis
479 848 726 901 inaequales,
760 848 956 902 plurimis
989 847 1152 889 nucleis
1183 849 1446 902 majusculis,
1477 849 1574 891 aliis
1605 850 1852 902 minoribus,

310 918 479 970 filisque
501 917 872 959 intercedentibus
895 918 1008 959 inter
1030 918 1203 959 nucleos
1226 918 1414 960 diversos
1436 934 1548 960 nunc
1564 920 1852 973 paucioribus,

311 1001 422 1027 nunc
453 986 671 1039 pluribus,
711 986 942 1040 gommidia
973 986 1092 1027 iutra
1124 985 1295 1027 nucleos
1327 987 1417 1028 sine
1449 988 1596 1029 ordine
1628 989 1853 1042 conspicuo

311 1054 569 1108 conglobata
602 1054 703 1095 vidi.
751 1054 798 1095 In
831 1054 1121 1108 Nizzoplilaea,
1154 1055 1274 1108 cujus
1306 1058 1371 1096 est
1401 1055 1601 1108 placenta
1622 1057 1854 1109 persistens

311 1128 354 1164 et
400 1122 622 1173 centraliS,
670 1137 695 1163 a
741 1136 827 1174 qua
867 1123 991 1174 quasi
1033 1136 1084 1164 ex
1122 1122 1247 1163 unico
1279 1122 1371 1164 foco
1403 1122 1607 1165 radiatim
1640 1128 1854 1177 coguntur

313 1194 570 1240 extrorsum,
603 1189 770 1231 (01111110
804 1190 1128 1244 geinmidiiferae
1159 1191 1343 1244 propriae
1376 1191 1545 1232 seriata=
1578 1191 1789 1245 adparent
1811 1196 1855 1234 et

312 1259 355 1299 in
387 1258 461 1299 fila
493 1257 725 1299 articulata
759 1258 978 1299 radiantia
1011 1258 1263 1312 conjunctae.

426 1327 523 1368 Jam
570 1340 702 1379 supra
748 1327 1113 1368 animadvertitur
1143 1327 1313 1369 Genera
1344 1327 1752 1370 Dumontiacearum
1784 1330 1854 1370 vix

313 1395 394 1436 nisi
426 1394 682 1436 evolutionis
712 1394 838 1435 modo
870 1394 1089 1435 fructuum
1123 1394 1383 1436 affinitatem
1416 1395 1633 1447 quandam
1655 1396 1854 1448 prodere,

314 1463 488 1505 credere
535 1462 681 1504 forsan
727 1462 827 1503 licet
873 1462 962 1503 alia
1007 1463 1191 1504 existere
1238 1462 1408 1505 Genera
1454 1488 1505 1494 —--
1553 1477 1736 1516 quorum
1782 1464 1856 1507 fila

313 1531 478 1573 fertilia
523 1531 778 1572 transitoria
824 1529 1013 1571 nondum
1061 1531 1237 1584 cognita
1282 1535 1381 1572 sunt
1416 1557 1479 1583 —,
1526 1531 1681 1584 quibus
1718 1533 1855 1586 magis

313 1600 679 1654 conjungerentur
716 1598 886 1640 Genera
918 1598 1093 1640 familiae
1126 1599 1251 1641 hodie
1284 1600 1469 1653 cognita.
1530 1599 1751 1653 Ejusmodi
1784 1615 1855 1654 ge-

318 1682 421 1710 nera
466 1668 613 1709 forsan
659 1667 745 1708 sint
791 1667 1097 1720 (systoclomum
1144 1670 1187 1709 et
1230 1667 1510 1710 Fui-cellaria.
1570 1668 1781 1722 Equidem
1814 1669 1856 1710 in

316 1736 483 1778 ramulo
519 1735 790 1790 Cystoclonii,
829 1737 949 1790 cujus
988 1736 1166 1778 nucleus
1197 1737 1402 1778 inchoans
1435 1737 1505 1777 vix
1536 1738 1762 1790 conspicua
1792 1738 1855 1779 in-

317 1805 601 1846 tumescentia
648 1805 790 1846 adhuc
836 1804 1116 1855 indicaretur,
1161 1805 1261 1856 vidi,
1300 1808 1520 1857 segmento
1552 1805 1857 1858 longitudinali

316 1874 502 1915 feliciter
533 1873 661 1920 facto,
696 1872 771 1914 fila
802 1873 1013 1914 interiora
1044 1873 1277 1914 admodum
1308 1873 1422 1923 laxa,
1445 1872 1626 1915 formam
1649 1888 1748 1915 vero
1766 1874 1857 1927 jam

316 1941 471 1982 induta
504 1955 632 1994 (11111111
665 1941 708 1982 111
740 1940 1012 1982 adolescente
1044 1941 1197 1993 planta
1228 1945 1379 1994 postea
1410 1944 1585 1982 servant
1606 1941 1705 1996 (cfr.
1728 1942 1856 1983 Kolta.

318 2009 446 2060 Phys,
480 2009 557 2049 tab.
590 2011 737 2061 :jnb'siffi
769 2010 914 2062 7—0‘).
963 2008 1027 2049 Ex
1060 2009 1127 2049 his
1158 2008 1241 2050 filis
1274 2009 1398 2062 quasi
1430 2009 1573 2051 caules
1595 2010 1856 2052 constituen-

318 2076 446 2125 tibus,
494 2090 634 2117 ramos
673 2076 877 2117 laterales
916 2076 1001 2117 vidi
1035 2091 1147 2117 nunc
1180 2077 1395 2119 breviores
1427 2077 1713 2130 subclavatos,
1746 2094 1857 2120 nunc

318 2144 532 2197 longiores
564 2149 606 2185 et
638 2148 849 2190 curvatos,
883 2158 1027 2185 omnes
1049 2145 1248 2185 articulis
1271 2145 1471 2186 brevibus
1493 2146 1737 2188 rotundatis
1760 2163 1856 2188 con-

317 2213 505 2254 stitutos.
566 2212 775 2266 Adposito
820 2211 910 2253 0111.
958 2212 1000 2252 Z.
1048 2212 1173 2254 Jodio
1220 2213 1307 2263 vidi
1354 2213 1427 2254 fila
1472 2213 1641 2255 caulina
1673 2215 1856 2257 colorem

317 2295 534 2322 assumere
578 2280 856 2333 pallidiorem
898 2280 1276 2333 subsulpliureum,
1309 2284 1557 2323 contentum
1590 2286 1734 2323 autem
1766 2283 1857 2325 filo-

318 2363 412 2390 rum
445 2352 722 2390 curvatorum
753 2349 845 2390 ficri
878 2348 1582 2391 fuscescentem-coerulesceutem.
1631 2350 1741 2392 Ante
1772 2351 1857 2392 sas-

318 2418 499 2459 ciculum
535 2418 705 2459 filorum
736 2420 1015 2459 curvatorum
1047 2417 1172 2459 unico
1204 2417 1294 2459 loco
1327 2418 1414 2459 vidi
1445 2422 1631 2459 stratum
1655 2419 1857 2461 corticale

318 2486 509 2528 seriebus
540 2485 797 2527 cellularum
830 2485 1070 2527 laxioribus
1092 2486 1274 2527 radiatis
1296 2487 1591 2536 constitutum,
1615 2487 1741 2540 (1111110
1765 2502 1857 2529 car-

317 2554 574 2608 postomium
609 2555 839 2608 szepissime
871 2555 915 2595 in
948 2555 1170 2608 speciebus
1200 2554 1559 2608 Rhodophyllidis
1581 2555 1714 2596 adest.
1763 2556 1857 2598 Fila

318 2625 406 2664 lucc
440 2626 620 2664 curvata
651 2622 911 2677 Cystoclonii
944 2623 995 2664 iis
1027 2623 1438 2665 Dumontiacearum
1469 2623 1657 2678 analoga
1688 2639 1792 2674 esse,
1815 2628 1857 2666 et

318 2694 474 2742 (jenus,
509 2696 637 2733 antea
670 2692 713 2733 in
745 2695 977 2746 systemate
1010 2707 1220 2745 nusquam
1253 2692 1360 2734 bene
1392 2692 1658 2746 dispositum,
1692 2692 1745 2733 ad
1770 2693 1856 2734 Du-

319 2760 581 2801 montiaceas
613 2760 783 2801 demum
816 2774 905 2801 esse
937 2760 1222 2810 referendum,
1247 2761 1391 2801 forsan
1414 2759 1623 2813 suspicari
1647 2759 1758 2800 licet.
1807 2760 1857 2802 In

327 2828 584 2867 lffmrellmia
634 2828 830 2880 quaedam
876 2828 961 2879 11111,
1009 2843 1103 2881 (11110
1150 2829 1361 2870 arcuatim
1394 2843 1419 2870 a
1450 2828 1533 2868 filis
1578 2828 1856 2870 interioribus

320 2896 611 2947 periplicriam
644 2910 789 2937 versus
821 2900 1070 2947 excurrunt,
1105 2896 1148 2938 in
1180 2895 1464 2951 receptaculis
1496 2896 1682 2937 nondum
1715 2900 1855 2938 matu-
