1937 3315
1584 166 1659 206 131

132 275 294 328 origine
341 275 576 329 specierum
623 276 810 318 adfuisse
857 279 1046 330 putares.
1108 276 1184 317 His
1221 280 1264 317 et
1296 290 1389 329 qua‘
1422 279 1523 317 sunt
1554 277 1664 330 ejus-

132 342 245 382 modi
292 342 465 395 probari
511 344 767 385 crediderim
813 345 1032 395 unicuiqui
1080 344 1234 397 speciei
1265 349 1426 385 certam
1459 359 1548 385 esse
1580 344 1664 385 for-

131 424 257 460 mam,
284 414 531 463 certamque
564 411 817 452 evolutionis¹
850 425 1041 452 normam
1073 411 1127 451 ab
1159 411 1283 452 initio
1314 411 1473 451 datam.
1534 411 1665 451 Exte—

132 477 220 517 rior
252 477 389 518 forma
422 476 470 518 fit
501 477 600 528 alia,
633 481 760 531 prout
792 478 878 519 alia
900 479 1216 527 institueretur,
1240 493 1316 519 nec
1340 479 1434 519 ”ubi
1457 479 1665 532 amphora

132 545 271 597 coepit
302 545 470 585 institui
502 559 653 586 urceus
684 545 810 587 exit''.
876 545 1002 586 Velut
1033 545 1258 586 aedificium
1290 546 1530 586 exstruitur
1554 559 1661 586 nunc

133 612 175 652 in
221 612 456 664 tugurium,
502 627 614 653 nunc
652 613 695 653 in
725 612 935 665 palatium
968 617 1043 652 aut
1073 612 1294 665 templum,
1326 616 1455 665 prout
1486 613 1570 654 alio
1602 613 1664 653 in—

134 679 294 719 serviat
340 693 430 726 usu,
463 682 506 719 et
538 678 714 719 linearis
745 678 1020 719 adumbratio
1052 680 1278 720 architecti
1313 680 1514 730 voluerit3
1547 679 1664 721 velut

133 746 467 787 architectonica
499 745 628 786 facies
660 750 841 786 externa
873 760 955 786 non
988 747 1225 787 necessarie
1256 747 1413 799 pendet
1435 762 1459 788 a
1482 747 1665 788 materia

134 825 217 864 qua
263 811 526 862 conficiatur,
573 826 709 865 neque
755 812 879 853 modo
925 825 1008 863 quo
1046 816 1191 865 partes
1224 818 1555 866 componuntur,
1603 815 1665 856 ita

132 880 260 920 etiam
307 880 350 920 in
396 884 554 921 natura
600 880 745 921 formae
785 884 974 921 externae
1006 880 1256 933 plantarum
1289 883 1330 922 in
1362 882 1540 924 diversis
1572 898 1664 936 spe-

130 947 274 988 ciebus
319 951 520 989 creantur
551 947 659 997 aliae,
691 962 769 989 nec
800 947 938 989 forma
968 948 1156 989 exterior
1187 963 1212 988 a
1243 948 1381 989 forma
1413 950 1661 991 cellularum

130 1017 365 1057 necessarie
396 1015 566 1068 pendet,
598 1019 673 1056 aut
704 1029 729 1056 a
760 1016 884 1056 modo
916 1029 1000 1067 quo
1025 1019 1336 1069 componuntur
1357 1017 1554 1067 invice1n3
1586 1018 1664 1058 mi-

130 1098 209 1124 nus
240 1084 380 1125 adhuc
410 1098 436 1125 a
467 1084 672 1134 materiis,
704 1084 860 1136 quibus
894 1087 1206 1137 componuntur
1237 1083 1414 1124 cellulze.

243 1151 286 1192 Si
317 1152 408 1205 jam
439 1151 482 1192 in
513 1151 662 1192 fronde
690 1151 871 1205 juvenili
902 1151 1040 1192 forma
1071 1151 1259 1192 exterior
1291 1151 1445 1204 speciei
1477 1151 1664 1204 plerum-

129 1233 210 1272 que
249 1219 425 1272 propria
457 1219 759 1272 conspiciatur,
791 1219 987 1272 sequitur
1019 1218 1108 1259 fere
1141 1218 1357 1271 quandam
1391 1231 1480 1259 esse
1512 1219 1665 1271 cuique

128 1287 253 1328 telam
273 1287 548 1339 primariam,
583 1300 609 1327 a
640 1300 726 1340 qua
756 1287 880 1339 quasi
911 1286 1049 1328 forma
1080 1286 1269 1327 exterior
1301 1289 1475 1327 creatur
1507 1286 1662 1338 speciei

128 1355 313 1408 propria.
362 1354 461 1394 Haec
492 1367 660 1407 quoque
692 1354 736 1394 in
766 1353 916 1394 multis
937 1353 1096 1400 formis,
1120 1367 1228 1406 quas
1250 1352 1530 1406 simpliciores
1552 1353 1664 1394 dice-

129 1435 197 1462 res
218 1424 261 1462 et
282 1421 422 1462 minus
443 1420 670 1474 perfectas,
694 1435 779 1462 non
799 1424 966 1462 tantum
992 1420 1034 1462 in
1053 1419 1236 1473 juvenili
1258 1420 1409 1473 planta
1427 1419 1567 1470 adest3
1591 1419 1663 1460 sed

129 1487 308 1529 eandem
339 1488 470 1528 etiam
492 1488 537 1528 in
557 1487 772 1529 adultiore
794 1488 864 1528 vix
888 1490 964 1528 aut
986 1501 1139 1541 parum
1160 1490 1373 1528 mutatam
1397 1486 1661 1539 distinguere

128 1554 241 1596 licet.
302 1554 371 1596 Ita
416 1555 459 1595 111
506 1554 653 1595 multis
690 1553 1006 1595 Callithamniis
1037 1558 1079 1595 et
1111 1553 1368 1606 quibusdam
1400 1552 1664 1607 Nitophyllis

129 1626 221 1664 tota
259 1622 376 1664 frons
415 1623 575 1664 sterilis
607 1623 687 1663 hac
719 1623 1008 1664 constituitur.
1069 1621 1232 1662 Eadem
1263 1621 1351 1662 fere
1383 1624 1448 1661 est
1478 1621 1591 1661 ratio
1622 1621 1664 1661 in

129 1689 278 1730 multis
322 1690 649 1745 Polysiphoniis,
681 1704 775 1743 quae
808 1690 1005 1732 articulis
1038 1690 1208 1742 singula
1240 1690 1348 1730 serie
1381 1689 1664 1742 superpositis

129 1758 209 1799 toti
254 1758 591 1807 constituu11tur3
639 1758 711 1799 sed
759 1758 933 1799 articuli
971 1758 1042 1798 isti
1074 1757 1162 1809 jam
1196 1757 1284 1798 fere
1315 1756 1369 1797 ab
1401 1757 1526 1797 initio
1558 1771 1664 1797 nova

129 1826 402 1878 generatione
434 1825 689 1866 cellularum
719 1825 1012 1880 (siphonibus)
1048 1828 1146 1865 sunt
1178 1825 1301 1876 quasi
1333 1824 1568 1876 compositi.
1616 1823 1664 1864 In

129 1893 344 1934 nonnullis
375 1892 697 1947 Cryptonemeis
728 1892 909 1945 aliisque
941 1892 1028 1933 tela
1058 1892 1267 1945 primaria
1300 1905 1468 1944 quoque
1496 1892 1587 1944 jam
1611 1891 1664 1931 ab

130 1962 251 2002 initio
287 1961 350 2001 ita
386 1961 597 2002 evolvitur
628 1964 676 2002 ut
708 1961 791 2002 duo
823 1964 963 2001 strata
994 1960 1209 2013 (cortieale
1240 1962 1282 2000 et
1312 1960 1446 2012 axile)
1478 1958 1664 1999 formen-

130 2032 215 2079 tur,
248 2042 426 2082 quarum
460 2028 673 2069 elementa
705 2028 829 2081 quasi
859 2027 953 2080 ipsa
984 2041 1062 2068 sua
1091 2027 1314 2080 positione,
1346 2029 1423 2067 aut
1454 2025 1560 2066 axili
1590 2028 1664 2066 aut

130 2095 412 2149 peripherica,
450 2095 579 2136 aliam
611 2095 889 2137 directionem
921 2098 963 2136 et
995 2094 1175 2135 formam
1208 2107 1424 2134 assumere
1457 2092 1664 2134 crederes.

131 2162 239 2204 Sunt
269 2163 364 2204 aliae
397 2164 437 2204 in
471 2163 628 2215 quibus
660 2163 809 2204 eadem
842 2162 1053 2204 elementa
1086 2162 1140 2203 ab
1169 2162 1292 2202 initio
1314 2161 1570 2208 formentur,
1594 2160 1666 2201 sed

131 2245 225 2283 quae
271 2245 382 2271 nunc.
427 2231 470 2272 in
511 2230 705 2284 juvenili,
745 2231 899 2284 saepius
937 2230 1014 2271 sub
1046 2229 1311 2283 provectiore
1343 2227 1507 2268 frondis
1538 2231 1666 2268 {etate

132 2298 286 2338 sensim
332 2298 571 2350 sensimque
602 2301 842 2348 mutantur,
874 2302 952 2339 aut
982 2298 1044 2338 ita
1075 2301 1123 2337 ut
1154 2295 1331 2349 singulae
1362 2298 1509 2348 partes
1540 2294 1666 2334 unius

133 2365 275 2415 strati,
321 2369 397 2405 aut
441 2366 667 2417 utriusque
698 2365 743 2405 in
774 2379 857 2406 uno
891 2368 994 2418 typo
1026 2378 1181 2416 parum
1212 2363 1592 2410 transformentur,
1624 2361 1665 2400 in

133 2432 270 2472 altero
311 2431 442 2472 aliam
472 2432 642 2472 omnino
672 2431 853 2472 formam
885 2431 1046 2470 indutae
1077 2444 1160 2470 non
1194 2429 1273 2469 nisi
1304 2427 1572 2469 intermediis
1602 2427 1665 2467 in-

133 2500 271 2540 ventis
316 2501 692 2552 recognoscantur.
752 2496 961 2549 Exempla
991 2495 1118 2548 hujus
1150 2495 1339 2536 invenias
1370 2495 1415 2535 111
1446 2493 1664 2546 speciebus

134 2566 313 2608 diversis
363 2566 636 2618 Halymcnia‘,
687 2564 1000 2617 Cryptovnfesmm,
1047 2563 1314 2613 Priom'tz'dis,
1360 2561 1664 2612 Arescleosetsse‘a‘,

134 2635 328 2676 Ochtodis
360 2637 439 2675 etc.
486 2633 651 2687 Saepius
681 2638 782 2674 sunt
813 2632 978 2674 cellulae
1010 2633 1122 2674 inter
1153 2634 1337 2672 stratum
1369 2634 1590 2671 externum
1623 2633 1665 2670 ot

134 2703 350 2743 internum
397 2701 674 2751 intermediae,
721 2714 814 2752 quae
860 2701 903 2741 in
949 2703 1134 2741 stratum
1169 2698 1458 2739 <intermediam
1492 2697 1665 2751 conjun-

136 2773 308 2822 guntur.
