1937 3315
1547 216 1626 256 225

88 322 346 374 permagnis,
392 327 518 365 extra
557 326 823 378 superficiem
855 326 1034 367 clevatis
1064 327 1164 379 (Ay.
1198 328 1278 367 tab.
1310 327 1442 368 XXI.
1460 328 1538 380 fig).
1569 328 1630 380 (a).

88 388 307 440 Ejusmodi
340 394 528 431 tumores
561 406 668 444 saepe
702 393 763 432 ita
794 393 979 446 proximi
1012 394 1281 444 inchoantur,
1316 398 1362 434 ut
1391 394 1629 436 inc-rescen-

88 458 151 495 tes
183 469 293 509 saepe
325 457 541 498 confluant
573 458 738 510 plures3
770 461 867 502 hinc
891 462 933 502 in
954 461 1104 515 planta
1126 462 1341 502 exsiccata
1363 462 1497 503 fertili
1519 462 1628 503 rami

89 525 277 565 verrucis
308 526 431 576 quasi
465 527 754 568 verruculosis
784 529 944 569 obtecti
975 529 1230 582 adpareant.
1277 529 1365 570 Sub
1397 533 1515 570 statu
1538 544 1628 571 ma-

86 591 151 643 gis
196 592 366 633 evoluto
411 596 570 645 partes,
618 594 773 646 quibus
819 596 1154 645 constituuntur,
1204 597 1401 638 uberiore
1438 597 1629 650 gelatina

86 658 363 712 obteguntur,
410 664 451 700 et
496 664 686 702 tumores
732 663 1037 704 nematheciosi
1069 664 1299 717 adparent3
1346 665 1630 706 exsiccatione

86 740 344 780 magnopere
362 729 691 779 contrahuntur,
714 729 958 771 substantia
980 731 1067 772 sere
1090 732 1374 785 cartilaginea
1395 733 1628 785 corrugati.

87 792 249 834 Iterum
281 795 512 836 madefacti
544 810 626 837 non
658 810 824 848 semper
856 796 962 838 bene
996 798 1268 851 explicantur
1299 799 1360 840 ita
1392 803 1440 840 ut
1471 800 1628 841 dissec-

85 861 200 902 tione
232 865 452 904 structura
485 862 591 904 bene
622 864 848 916 perspicua
880 864 940 904 fit.
1003 863 1089 905 Nec
1122 865 1212 906 ulla
1243 866 1345 906 mihi
1368 867 1541 919 cognita
1563 871 1627 908 est

84 928 284 982 analysis,
316 943 341 970 a
372 944 458 981 qua
489 933 710 971 structura
741 930 910 971 fructus
940 931 1230 984 intelligatur.

197 996 240 1037 Si
283 997 326 1038 in
358 997 533 1038 Ocletocle
565 1002 831 1050 ›egmentum
863 999 1157 1041 observaveris
1188 1002 1479 1043 transversale
1510 1002 1626 1043 fron-

84 1063 163 1113 dis,
196 1063 259 1104 ita
290 1064 467 1105 ductum
500 1068 547 1106 ut
579 1066 671 1118 ipsa
702 1066 940 1119 eruptionis
972 1067 1090 1119 regio
1123 1069 1428 1109 nematheciosi
1447 1071 1625 1110 tumoris

82 1134 323 1172 transsecta
368 1131 499 1173 fuerit
537 1133 636 1185 (Ay.
669 1133 750 1173 tab.
786 1133 917 1173 XXI.
938 1135 1014 1186 fiy.
1047 1135 1104 1187 7),
1152 1134 1317 1175 videbis
1362 1150 1446 1176 uno
1491 1136 1626 1177 latere

83 1198 274 1240 sterilem
319 1202 487 1252 partem
533 1199 712 1250 frondis,
760 1199 897 1241 altero
929 1204 1097 1253 partein
1130 1201 1330 1252 fertilem,
1362 1202 1405 1243 in
1438 1203 1625 1244 fructum

82 1267 247 1307 ambitu
293 1266 428 1308 multo
452 1266 679 1320 ¹majorem
724 1272 1073 1309 transmutatam.
1135 1269 1185 1310 In
1216 1270 1359 1311 media
1389 1274 1513 1324 parte
1545 1286 1627 1312 11011

82 1336 252 1374 mutata
298 1337 479 1386 apparet
524 1333 643 1374 filum
674 1334 801 1383 axile,
835 1349 860 1375 a
892 1349 975 1387 quo
1008 1340 1166 1377 exeunt
1198 1336 1270 1378 fila
1302 1338 1526 1379 verticalia
1557 1352 1626 1379 ar-

81 1400 277 1451 ticulata,
310 1400 467 1453 quibus
499 1401 543 1441 in
574 1401 724 1442 fronde
751 1402 920 1455 juniore
944 1403 1081 1444 sterili
1102 1405 1203 1456 (Ay.
1226 1406 1251 1446 l.
1274 1407 1392 1458 (assy.
1415 1407 1464 1460 3)
1486 1410 1627 1447 strata

81 1468 297 1509 exteriora
329 1468 629 1509 conficiuntur.
669 1468 856 1510 Nucleus
878 1470 1101 1512 evidenter
1123 1473 1394 1525 componitur
1417 1473 1626 1515 nucleolis

80 1535 290 1588 pluribus,
336 1537 448 1578 inter
494 1551 600 1588 quos
646 1537 720 1578 fila
766 1538 933 1579 sterilia
980 1554 1088 1580 nunc
1135 1540 1320 1592 singula,
1353 1555 1465 1581 nunc
1497 1541 1626 1594 plura

81 1602 371 1645 fasciculatim
417 1608 620 1658 congesta
666 1609 915 1656 excurrunt,
962 1621 1144 1657 quorum
1174 1608 1306 1648 ramis
1337 1608 1624 1649 exterioribus

81 1685 213 1724 supra
258 1670 476 1712 nucleolos
521 1673 734 1712 arcuatim
781 1673 1135 1725 convergentibus
1167 1677 1209 1714 et
1241 1674 1413 1714 densius
1443 1676 1624 1716 ramosis

80 1740 391 1792 pericarpicum
412 1743 575 1781 tectum
597 1741 820 1781 conficitur
836 1740 934 1794 (cfr.
953 1742 1083 1782 etiam
1101 1741 1278 1783 Desmla
1294 1742 1375 1794 Ay.
1393 1743 1471 1784 tab.
1490 1743 1622 1783 XXI.

80 1808 144 1859 119.
160 1809 219 1860 0).
252 1806 419 1860 Singuli
443 1807 638 1858 nucleoli,
661 1809 783 1860 quasi
806 1808 1067 1860 pedicellati,
1091 1809 1286 1850 articulis
1308 1810 1456 1862 paucis
1474 1810 1623 1863 (2-3)

80 1875 299 1916 sterilibus
332 1875 498 1916 suffulti
529 1875 763 1928 adparent,
811 1876 944 1917 fertili
977 1881 1100 1929 parte
1132 1877 1351 1930 superiore
1382 1878 1624 1930 gemmidiis

80 1943 278 1995 plurimis
308 1947 350 1985 et
382 1943 630 1985 densissime
662 1945 888 1997 congestis,
921 1945 1115 1998 gelatina
1137 1945 1349 1995 cohibitis,
1373 1946 1624 1987 constituta.

81 2010 131 2051 In
162 2010 335 2052 Desmia
366 2036 412 2040 —-
438 2012 583 2052 fructu
614 2012 833 2065 paulisper
859 2013 1031 2066 juniore
1062 2014 1302 2061 observato,
1334 2014 1424 2066 ipse
1456 2013 1625 2055 nucleo-

81 2078 147 2119 lus
183 2078 379 2132 pluribus
409 2079 606 2132 partibus
637 2081 852 2133 congestis
884 2082 1144 2135 compositus
1175 2081 1380 2135 adparuit
1410 2081 1511 2134 (Ay.
1543 2082 1623 2122 tab.

83 2147 212 2188 XXI.
232 2147 308 2200 fiy.
341 2148 429 2201 10),-
462 2148 565 2200 quin
596 2148 723 2189 immo
755 2149 950 2201 singulas
980 2154 1128 2202 partes
1159 2164 1211 2191 ex
1232 2148 1431 2190 articulis
1453 2148 1623 2189 filorum

81 2219 398 2256 transmutatas
442 2216 572 2257 fuisse
618 2216 900 2269 (comparatis
945 2217 1143 2258 articulis
1187 2217 1408 2271 pedicelli)
1454 2231 1506 2257 ex
1544 2216 1624 2257 hac

82 2296 249 2335 quoque
295 2282 503 2324 crederes.
564 2282 769 2324 Fructum
811 2283 1044 2335 juvenilem
1087 2283 1292 2325 Ochtodis
1325 2297 1495 2337 quoque
1526 2298 1623 2323 con-

82 2355 198 2392 stare
230 2350 315 2391 vidi
347 2350 561 2392 fasciculis
593 2351 827 2404 fastigiatis
859 2351 1029 2392 filorum
1060 2351 1407 2401 articulatorum,
1447 2350 1520 2401 qui
1553 2350 1623 2389 vix

83 2418 210 2459 dubie
241 2418 483 2459 evolutione
514 2418 682 2460 filorum
704 2418 973 2459 verticalium
996 2419 1260 2471 proveniant.
1311 2417 1370 2458 Ut
1393 2416 1623 2470 spongiola»

83 2486 127 2527 111
174 2486 357 2538 Polyido,
403 2486 466 2526 ita
510 2490 698 2526 tumores
745 2486 1053 2527 nematheciosi
1090 2486 1132 2525 in
1165 2485 1341 2526 Oeletode
1373 2488 1416 2525 et
1446 2484 1621 2524 Desme'a

22 2540 25 2543 ⁵
83 2556 346 2605 generantur
390 2553 631 2593 evolutione
669 2553 791 2605 quasi
824 2553 1029 2593 ulteriore
1062 2552 1243 2602 filorum,
1276 2552 1432 2603 quibus
1464 2550 1624 2591 sterilis

83 2635 184 2674 pars
215 2624 401 2671 constat3
434 2620 508 2661 sed
539 2620 626 2660 1110(Δ
658 2620 731 2660 fila
762 2620 945 2661 ulterius
977 2620 1148 2661 evoluta
1180 2623 1278 2661 sunt
1299 2620 1516 2672 pauciora,
1540 2633 1622 2660 uno

84 2693 160 2731 aut
205 2689 343 2730 altero
390 2688 480 2729 loco
527 2689 616 2728 sine
647 2688 761 2729 omni
794 2688 954 2738 ordine,
987 2692 1035 2728 ut
1066 2688 1248 2737 videtur,
1281 2688 1393 2728 inter
1424 2687 1510 2728 alia
1542 2701 1623 2727 11011

84 2760 253 2798 mutata
298 2756 580 2809 erumpentia,
627 2755 883 2807 demumque
915 2755 1176 2808 prolongata
1207 2769 1232 2795 a
1264 2754 1354 2795 loco
1385 2754 1622 2807 eruptionis

85 2837 427 2875 quoquoversum
459 2821 690 2871 radiantia,
721 2821 819 2861 aliis
852 2821 995 2871 ramis,
1029 2836 1159 2874 supra
1191 2821 1360 2861 steriles
1382 2825 1528 2873 partes
1550 2821 1622 2862 de-

87 2891 400 2942 cumbentibus,
438 2890 534 2931 aliis
571 2889 865 2930 erectinsculis
899 2890 1125 2930 interiores
1156 2893 1304 2942 partes
1335 2890 1500 2928 fructus
1533 2889 1622 2929 efli-

1494 2957 1531 2988 15
