<?xml version="1.0" encoding="UTF-8"?>
<!DOCTYPE html PUBLIC "-//W3C//DTD XHTML 1.0 Transitional//EN"
    "http://www.w3.org/TR/xhtml1/DTD/xhtml1-transitional.dtd">
<html xmlns="http://www.w3.org/1999/xhtml" xml:lang="en" lang="en">
 <head>
  <title>
</title>
<meta http-equiv="Content-Type" content="text/html;charset=utf-8" />
  <meta name='ocr-system' content='tesseract 3.04.00' />
  <meta name='ocr-capabilities' content='ocr_page ocr_carea ocr_par ocr_line ocrx_word'/>
</head>
<body>
  <div class='ocr_page' id='page_1' title='image "./speciesgeneraeto0302agar_0244.png"; bbox 0 0 1937 3315; ppageno 0'>
   <div class='ocr_carea' id='block_1_1' title="bbox 301 223 381 263">
    <p class='ocr_par' dir='ltr' id='par_1_1' title="bbox 301 223 381 263">
     <span class='ocr_line' id='line_1_1' title="bbox 301 223 381 263; baseline -0.025 0"><span class='ocrx_word' id='word_1_1' title='bbox 301 223 381 263; x_wconf 72' lang='lat'>232</span> 
     </span>
    </p>
   </div>
   <div class='ocr_carea' id='block_1_2' title="bbox 302 323 1860 2950">
    <p class='ocr_par' dir='ltr' id='par_1_2' title="bbox 302 323 1846 442">
     <span class='ocr_line' id='line_1_2' title="bbox 302 323 1846 376; baseline -0.008 -1"><span class='ocrx_word' id='word_1_2' title='bbox 302 334 398 375; x_wconf 88' lang='lat' dir='ltr'>aliis</span> <span class='ocrx_word' id='word_1_3' title='bbox 442 332 667 371; x_wconf 84' lang='lat' dir='ltr'>mutantur</span> <span class='ocrx_word' id='word_1_4' title='bbox 713 325 882 367; x_wconf 89' lang='lat' dir='ltr'>diverso</span> <span class='ocrx_word' id='word_1_5' title='bbox 927 324 1065 374; x_wconf 85' lang='lat' dir='ltr'>modo,</span> <span class='ocrx_word' id='word_1_6' title='bbox 1112 325 1174 365; x_wconf 89' lang='lat' dir='ltr'>ita</span> <span class='ocrx_word' id='word_1_7' title='bbox 1210 326 1258 364; x_wconf 90' lang='lat' dir='ltr'>ut</span> <span class='ocrx_word' id='word_1_8' title='bbox 1288 323 1488 376; x_wconf 87' lang='lat' dir='ltr'>placenta</span> <span class='ocrx_word' id='word_1_9' title='bbox 1518 337 1594 376; x_wconf 92' lang='lat' dir='ltr'>pro</span> <span class='ocrx_word' id='word_1_10' title='bbox 1626 325 1846 364; x_wconf 70' lang='lat' dir='ltr'>structura</span> 
     </span>
     <span class='ocr_line' id='line_1_3' title="bbox 302 392 1315 442; baseline -0.01 -1"><span class='ocrx_word' id='word_1_11' title='bbox 302 399 520 442; x_wconf 82' lang='lat' dir='ltr'>frondium</span> <span class='ocrx_word' id='word_1_12' title='bbox 553 396 745 437; x_wconf 87' lang='lat' dir='ltr'>diversas</span> <span class='ocrx_word' id='word_1_13' title='bbox 777 392 931 435; x_wconf 83' lang='lat' dir='ltr'>offerat</span> <span class='ocrx_word' id='word_1_14' title='bbox 961 392 1315 433; x_wconf 79' lang='lat' dir='ltr'>modificationes,</span> 
     </span>
    </p>

    <p class='ocr_par' dir='ltr' id='par_1_3' title="bbox 303 457 1860 2950">
     <span class='ocr_line' id='line_1_4' title="bbox 414 457 1846 514; baseline -0.006 -8"><span class='ocrx_word' id='word_1_15' title='bbox 414 465 465 506; x_wconf 92' lang='lat' dir='ltr'>In</span> <span class='ocrx_word' id='word_1_16' title='bbox 510 462 759 506; x_wconf 63' lang='lat' dir='ltr'>Grac-naria</span> <span class='ocrx_word' id='word_1_17' title='bbox 797 460 1000 514; x_wconf 88' lang='lat' dir='ltr'>placenta</span> <span class='ocrx_word' id='word_1_18' title='bbox 1032 474 1142 512; x_wconf 75' lang='lat' dir='ltr'>saepe</span> <span class='ocrx_word' id='word_1_19' title='bbox 1174 472 1411 512; x_wconf 82' lang='lat' dir='ltr'>permagna</span> <span class='ocrx_word' id='word_1_20' title='bbox 1442 457 1565 498; x_wconf 83' lang='lat' dir='ltr'>adest</span> <span class='ocrx_word' id='word_1_21' title='bbox 1595 457 1846 510; x_wconf 54' lang='lat' dir='ltr'>hemisphae-</span> 
     </span>
     <span class='ocr_line' id='line_1_5' title="bbox 304 525 1847 583; baseline -0.006 -8"><span class='ocrx_word' id='word_1_22' title='bbox 304 534 392 575; x_wconf 89' lang='lat' dir='ltr'>rica</span> <span class='ocrx_word' id='word_1_23' title='bbox 437 536 514 574; x_wconf 89' lang='lat' dir='ltr'>aut</span> <span class='ocrx_word' id='word_1_24' title='bbox 554 531 642 573; x_wconf 84' lang='lat' dir='ltr'>fere</span> <span class='ocrx_word' id='word_1_25' title='bbox 682 529 904 583; x_wconf 75' lang='lat' dir='ltr'>sphaerica.</span> <span class='ocrx_word' id='word_1_26' title='bbox 964 528 1014 569; x_wconf 92' lang='lat' dir='ltr'>In</span> <span class='ocrx_word' id='word_1_27' title='bbox 1046 526 1263 569; x_wconf 76' lang='lat' dir='ltr'>nonnullis</span> <span class='ocrx_word' id='word_1_28' title='bbox 1295 525 1528 580; x_wconf 79' lang='lat' dir='ltr'>speciebUS,</span> <span class='ocrx_word' id='word_1_29' title='bbox 1561 527 1605 566; x_wconf 89' lang='lat' dir='ltr'>et</span> <span class='ocrx_word' id='word_1_30' title='bbox 1635 525 1847 578; x_wconf 84' lang='lat' dir='ltr'>praecipuc</span> 
     </span>
     <span class='ocr_line' id='line_1_6' title="bbox 303 593 1849 653; baseline -0.006 -11"><span class='ocrx_word' id='word_1_31' title='bbox 303 602 346 642; x_wconf 93' lang='lat' dir='ltr'>in</span> <span class='ocrx_word' id='word_1_32' title='bbox 379 601 525 641; x_wconf 88' lang='lat' dir='ltr'>fructu</span> <span class='ocrx_word' id='word_1_33' title='bbox 553 598 738 653; x_wconf 86' lang='lat' dir='ltr'>juniore,</span> <span class='ocrx_word' id='word_1_34' title='bbox 771 596 978 638; x_wconf 88' lang='lat' dir='ltr'>cellulosa</span> <span class='ocrx_word' id='word_1_35' title='bbox 999 596 1209 650; x_wconf 84' lang='lat' dir='ltr'>placentae</span> <span class='ocrx_word' id='word_1_36' title='bbox 1231 595 1328 636; x_wconf 88' lang='lat' dir='ltr'>aliis</span> <span class='ocrx_word' id='word_1_37' title='bbox 1351 595 1453 636; x_wconf 89' lang='lat' dir='ltr'>locis</span> <span class='ocrx_word' id='word_1_38' title='bbox 1474 593 1730 648; x_wconf 81' lang='lat' dir='ltr'>prominula‚</span> <span class='ocrx_word' id='word_1_39' title='bbox 1753 593 1849 633; x_wconf 84' lang='lat' dir='ltr'>aliis</span> 
     </span>
     <span class='ocr_line' id='line_1_7' title="bbox 304 662 1849 716; baseline -0.005 -6"><span class='ocrx_word' id='word_1_40' title='bbox 304 666 668 710; x_wconf 73' lang='lat' dir='ltr'>intercedentibus</span> <span class='ocrx_word' id='word_1_41' title='bbox 714 664 819 706; x_wconf 89' lang='lat' dir='ltr'>locis</span> <span class='ocrx_word' id='word_1_42' title='bbox 858 668 1067 705; x_wconf 80' lang='lat' dir='ltr'>excavata</span> <span class='ocrx_word' id='word_1_43' title='bbox 1099 663 1323 716; x_wconf 87' lang='lat' dir='ltr'>adpareat,</span> <span class='ocrx_word' id='word_1_44' title='bbox 1356 663 1480 716; x_wconf 81' lang='lat' dir='ltr'>quasi</span> <span class='ocrx_word' id='word_1_45' title='bbox 1511 662 1672 716; x_wconf 90' lang='lat' dir='ltr'>cryptis</span> <span class='ocrx_word' id='word_1_46' title='bbox 1703 675 1849 702; x_wconf 88' lang='lat' dir='ltr'>nnme-</span> 
     </span>
     <span class='ocr_line' id='line_1_8' title="bbox 305 729 1850 786; baseline -0.006 -10"><span class='ocrx_word' id='word_1_47' title='bbox 305 735 413 776; x_wconf 83' lang='lat' dir='ltr'>rosis</span> <span class='ocrx_word' id='word_1_48' title='bbox 444 732 692 786; x_wconf 79' lang='lat' dir='ltr'>exsculpta:</span> <span class='ocrx_word' id='word_1_49' title='bbox 725 734 872 785; x_wconf 88' lang='lat' dir='ltr'>partes</span> <span class='ocrx_word' id='word_1_50' title='bbox 903 730 1168 784; x_wconf 86' lang='lat' dir='ltr'>prominulas</span> <span class='ocrx_word' id='word_1_51' title='bbox 1201 730 1279 771; x_wconf 90' lang='lat' dir='ltr'>sub</span> <span class='ocrx_word' id='word_1_52' title='bbox 1307 729 1490 783; x_wconf 81' lang='lat' dir='ltr'>juvenili</span> <span class='ocrx_word' id='word_1_53' title='bbox 1522 732 1641 770; x_wconf 91' lang='lat' dir='ltr'>statu</span> <span class='ocrx_word' id='word_1_54' title='bbox 1663 743 1757 770; x_wconf 87' lang='lat' dir='ltr'>cum</span> <span class='ocrx_word' id='word_1_55' title='bbox 1779 742 1850 781; x_wconf 88' lang='lat' dir='ltr'>pe-</span> 
     </span>
     <span class='ocr_line' id='line_1_9' title="bbox 303 796 1850 855; baseline -0.004 -12"><span class='ocrx_word' id='word_1_56' title='bbox 303 802 488 855; x_wconf 87' lang='lat' dir='ltr'>ricarpio</span> <span class='ocrx_word' id='word_1_57' title='bbox 530 800 705 854; x_wconf 86' lang='lat' dir='ltr'>junctas</span> <span class='ocrx_word' id='word_1_58' title='bbox 737 799 1086 852; x_wconf 84' lang='lat' dir='ltr'>quandoquidem</span> <span class='ocrx_word' id='word_1_59' title='bbox 1118 797 1225 848; x_wconf 68' lang='lat' dir='ltr'>vidi,</span> <span class='ocrx_word' id='word_1_60' title='bbox 1271 801 1529 852; x_wconf 83' lang='lat' dir='ltr'>cryptasque</span> <span class='ocrx_word' id='word_1_61' title='bbox 1560 797 1643 838; x_wconf 85' lang='lat' dir='ltr'>filis</span> <span class='ocrx_word' id='word_1_62' title='bbox 1675 796 1850 849; x_wconf 81' lang='lat' dir='ltr'>gemmi-</span> 
     </span>
     <span class='ocr_line' id='line_1_10' title="bbox 305 865 1851 921; baseline -0.004 -11"><span class='ocrx_word' id='word_1_63' title='bbox 305 870 469 911; x_wconf 85' lang='lat' dir='ltr'>diiferis</span> <span class='ocrx_word' id='word_1_64' title='bbox 490 883 516 909; x_wconf 90' lang='lat' dir='ltr'>a</span> <span class='ocrx_word' id='word_1_65' title='bbox 537 867 703 921; x_wconf 84' lang='lat' dir='ltr'>pariete</span> <span class='ocrx_word' id='word_1_66' title='bbox 725 869 976 921; x_wconf 75' lang='lat' dir='ltr'>cryptarum</span> <span class='ocrx_word' id='word_1_67' title='bbox 997 867 1235 907; x_wconf 78' lang='lat' dir='ltr'>introrsum</span> <span class='ocrx_word' id='word_1_68' title='bbox 1255 865 1696 919; x_wconf 81' lang='lat' dir='ltr'>subconvergentibus</span> <span class='ocrx_word' id='word_1_69' title='bbox 1713 879 1851 918; x_wconf 74' lang='lat' dir='ltr'>praeg-</span> 
     </span>
     <span class='ocr_line' id='line_1_11' title="bbox 306 932 1850 993; baseline -0.003 -15"><span class='ocrx_word' id='word_1_70' title='bbox 306 940 471 978; x_wconf 88' lang='lat' dir='ltr'>nantes.</span> <span class='ocrx_word' id='word_1_71' title='bbox 532 936 622 993; x_wconf 89' lang='lat' dir='ltr'>Hoc</span> <span class='ocrx_word' id='word_1_72' title='bbox 654 936 743 977; x_wconf 88' lang='lat' dir='ltr'>fere</span> <span class='ocrx_word' id='word_1_73' title='bbox 776 935 917 976; x_wconf 88' lang='lat' dir='ltr'>stadio</span> <span class='ocrx_word' id='word_1_74' title='bbox 949 934 1195 987; x_wconf 83' lang='lat' dir='ltr'>placentam</span> <span class='ocrx_word' id='word_1_75' title='bbox 1228 935 1271 975; x_wconf 92' lang='lat' dir='ltr'>in</span> <span class='ocrx_word' id='word_1_76' title='bbox 1303 935 1381 976; x_wconf 77' lang='lat' dir='ltr'>Gr.</span> <span class='ocrx_word' id='word_1_77' title='bbox 1412 934 1672 987; x_wconf 55' lang='lat' dir='ltr'>coffcrvo‘ide</span> <span class='ocrx_word' id='word_1_78' title='bbox 1704 932 1850 985; x_wconf 89' lang='lat' dir='ltr'>depin-</span> 
     </span>
     <span class='ocr_line' id='line_1_12' title="bbox 305 1000 1851 1057; baseline -0.003 -13"><span class='ocrx_word' id='word_1_79' title='bbox 305 1004 371 1045; x_wconf 82' lang='lat' dir='ltr'>xit</span> <span class='ocrx_word' id='word_1_80' title='bbox 402 1003 661 1057; x_wconf 82' lang='lat' dir='ltr'>Kiitzingius</span> <span class='ocrx_word' id='word_1_81' title='bbox 692 1002 843 1055; x_wconf 69' lang='lat' dir='ltr'>(Plzyc.</span> <span class='ocrx_word' id='word_1_82' title='bbox 876 1002 978 1043; x_wconf 70' lang='lat' dir='ltr'>Gen.</span> <span class='ocrx_word' id='word_1_83' title='bbox 1011 1002 1089 1042; x_wconf 75' lang='lat' dir='ltr'>tab.</span> <span class='ocrx_word' id='word_1_84' title='bbox 1122 1002 1268 1054; x_wconf 67' lang='lat' dir='ltr'>(Jofigs.</span> <span class='ocrx_word' id='word_1_85' title='bbox 1302 1001 1367 1054; x_wconf 76' lang='lat'>3);</span> <span class='ocrx_word' id='word_1_86' title='bbox 1413 1000 1627 1053; x_wconf 81' lang='lat' dir='ltr'>praecipue</span> <span class='ocrx_word' id='word_1_87' title='bbox 1673 1014 1771 1041; x_wconf 81' lang='lat' dir='ltr'>vero</span> <span class='ocrx_word' id='word_1_88' title='bbox 1808 1000 1851 1040; x_wconf 91' lang='lat' dir='ltr'>in</span> 
     </span>
     <span class='ocr_line' id='line_1_13' title="bbox 305 1067 1851 1123; baseline -0.003 -10"><span class='ocrx_word' id='word_1_89' title='bbox 305 1073 357 1113; x_wconf 86' lang='lat' dir='ltr'>iis</span> <span class='ocrx_word' id='word_1_90' title='bbox 400 1071 670 1121; x_wconf 84' lang='lat' dir='ltr'>Gracilariis,</span> <span class='ocrx_word' id='word_1_91' title='bbox 709 1070 869 1123; x_wconf 82' lang='lat' dir='ltr'>quibus</span> <span class='ocrx_word' id='word_1_92' title='bbox 900 1071 1133 1111; x_wconf 75' lang='lat' dir='ltr'>sectionem</span> <span class='ocrx_word' id='word_1_93' title='bbox 1165 1069 1292 1111; x_wconf 76' lang='lat' dir='ltr'>Podce&#39;</span> <span class='ocrx_word' id='word_1_94' title='bbox 1323 1067 1540 1116; x_wconf 76' lang='lat' dir='ltr'>constitui,</span> <span class='ocrx_word' id='word_1_95' title='bbox 1573 1067 1682 1108; x_wconf 90' lang='lat' dir='ltr'>hanc</span> <span class='ocrx_word' id='word_1_96' title='bbox 1714 1071 1851 1108; x_wconf 86' lang='lat' dir='ltr'>struc-</span> 
     </span>
     <span class='ocr_line' id='line_1_14' title="bbox 307 1134 1852 1189; baseline -0.003 -9"><span class='ocrx_word' id='word_1_97' title='bbox 307 1141 451 1179; x_wconf 85' lang='lat' dir='ltr'>turam</span> <span class='ocrx_word' id='word_1_98' title='bbox 482 1138 724 1180; x_wconf 84' lang='lat' dir='ltr'>evidentem</span> <span class='ocrx_word' id='word_1_99' title='bbox 756 1136 856 1178; x_wconf 84' lang='lat' dir='ltr'>vidi.</span> <span class='ocrx_word' id='word_1_100' title='bbox 903 1136 952 1177; x_wconf 90' lang='lat' dir='ltr'>In</span> <span class='ocrx_word' id='word_1_101' title='bbox 984 1137 1078 1177; x_wconf 87' lang='lat' dir='ltr'>aliis</span> <span class='ocrx_word' id='word_1_102' title='bbox 1112 1136 1332 1189; x_wconf 71' lang='lat' dir='ltr'>speciebus</span> <span class='ocrx_word' id='word_1_103' title='bbox 1359 1136 1447 1188; x_wconf 84' lang='lat' dir='ltr'>jam</span> <span class='ocrx_word' id='word_1_104' title='bbox 1480 1135 1534 1176; x_wconf 89' lang='lat' dir='ltr'>ab</span> <span class='ocrx_word' id='word_1_105' title='bbox 1566 1134 1690 1176; x_wconf 87' lang='lat' dir='ltr'>initio</span> <span class='ocrx_word' id='word_1_106' title='bbox 1712 1135 1852 1176; x_wconf 90' lang='lat' dir='ltr'>minus</span> 
     </span>
     <span class='ocr_line' id='line_1_15' title="bbox 306 1201 1852 1260; baseline -0.003 -13"><span class='ocrx_word' id='word_1_107' title='bbox 306 1206 551 1260; x_wconf 77' lang='lat' dir='ltr'>conspicua3</span> <span class='ocrx_word' id='word_1_108' title='bbox 598 1209 640 1246; x_wconf 89' lang='lat' dir='ltr'>et</span> <span class='ocrx_word' id='word_1_109' title='bbox 685 1205 728 1246; x_wconf 94' lang='lat' dir='ltr'>in</span> <span class='ocrx_word' id='word_1_110' title='bbox 773 1204 919 1253; x_wconf 81' lang='lat' dir='ltr'>fructu</span> <span class='ocrx_word' id='word_1_111' title='bbox 958 1203 1173 1245; x_wconf 84' lang='lat' dir='ltr'>adultiore</span> <span class='ocrx_word' id='word_1_112' title='bbox 1205 1203 1394 1244; x_wconf 87' lang='lat' dir='ltr'>omnium</span> <span class='ocrx_word' id='word_1_113' title='bbox 1425 1202 1581 1243; x_wconf 89' lang='lat' dir='ltr'>sensim</span> <span class='ocrx_word' id='word_1_114' title='bbox 1613 1201 1852 1252; x_wconf 68' lang='lat' dir='ltr'>obsolescit,</span> 
     </span>
     <span class='ocr_line' id='line_1_16' title="bbox 307 1270 1854 1328; baseline -0.003 -13"><span class='ocrx_word' id='word_1_115' title='bbox 307 1274 468 1328; x_wconf 85' lang='lat' dir='ltr'>cryptis</span> <span class='ocrx_word' id='word_1_116' title='bbox 513 1274 668 1315; x_wconf 91' lang='lat' dir='ltr'>sensim</span> <span class='ocrx_word' id='word_1_117' title='bbox 715 1272 912 1314; x_wconf 87' lang='lat' dir='ltr'>dilatatis</span> <span class='ocrx_word' id='word_1_118' title='bbox 949 1273 1011 1313; x_wconf 88' lang='lat' dir='ltr'>ita</span> <span class='ocrx_word' id='word_1_119' title='bbox 1043 1276 1091 1313; x_wconf 90' lang='lat' dir='ltr'>ut</span> <span class='ocrx_word' id='word_1_120' title='bbox 1122 1271 1196 1312; x_wconf 83' lang='lat' dir='ltr'>fila</span> <span class='ocrx_word' id='word_1_121' title='bbox 1227 1270 1544 1324; x_wconf 79' lang='lat' dir='ltr'>genimidiifera</span> <span class='ocrx_word' id='word_1_122' title='bbox 1575 1285 1601 1312; x_wconf 88' lang='lat' dir='ltr'>a</span> <span class='ocrx_word' id='word_1_123' title='bbox 1632 1270 1854 1324; x_wconf 85' lang='lat' dir='ltr'>superficie</span> 
     </span>
     <span class='ocr_line' id='line_1_17' title="bbox 308 1338 1854 1394; baseline -0.003 -12"><span class='ocrx_word' id='word_1_124' title='bbox 308 1355 431 1394; x_wconf 80' lang='lat' dir='ltr'>aequa</span> <span class='ocrx_word' id='word_1_125' title='bbox 462 1341 682 1382; x_wconf 79' lang='lat' dir='ltr'>radiantia</span> <span class='ocrx_word' id='word_1_126' title='bbox 713 1340 968 1394; x_wconf 87' lang='lat' dir='ltr'>adpareant.</span> <span class='ocrx_word' id='word_1_127' title='bbox 1030 1339 1303 1380; x_wconf 69' lang='lat' dir='ltr'>Structuram</span> <span class='ocrx_word' id='word_1_128' title='bbox 1335 1339 1595 1391; x_wconf 80' lang='lat' dir='ltr'>descriptam</span> <span class='ocrx_word' id='word_1_129' title='bbox 1619 1352 1787 1391; x_wconf 82' lang='lat' dir='ltr'>quoque</span> <span class='ocrx_word' id='word_1_130' title='bbox 1810 1338 1854 1378; x_wconf 89' lang='lat' dir='ltr'>in</span> 
     </span>
     <span class='ocr_line' id='line_1_18' title="bbox 313 1405 1855 1462; baseline -0.003 -12"><span class='ocrx_word' id='word_1_131' title='bbox 313 1409 454 1462; x_wconf 67' lang='lat' dir='ltr'>Tyloto</span> <span class='ocrx_word' id='word_1_132' title='bbox 485 1409 587 1462; x_wconf 73' lang='lat' dir='ltr'>(Ay.</span> <span class='ocrx_word' id='word_1_133' title='bbox 619 1409 699 1450; x_wconf 72' lang='lat' dir='ltr'>tab.</span> <span class='ocrx_word' id='word_1_134' title='bbox 724 1408 983 1462; x_wconf 61' lang='lat' dir='ltr'><em>XXIVfigs.</em></span> <span class='ocrx_word' id='word_1_135' title='bbox 1006 1411 1049 1458; x_wconf 73' lang='lat'>¹7)</span> <span class='ocrx_word' id='word_1_136' title='bbox 1083 1411 1150 1448; x_wconf 85' lang='lat' dir='ltr'>sat</span> <span class='ocrx_word' id='word_1_137' title='bbox 1182 1407 1424 1448; x_wconf 80' lang='lat' dir='ltr'>evidentem</span> <span class='ocrx_word' id='word_1_138' title='bbox 1456 1406 1693 1447; x_wconf 84' lang='lat' dir='ltr'>observavi.</span> <span class='ocrx_word' id='word_1_139' title='bbox 1734 1405 1855 1446; x_wconf 89' lang='lat' dir='ltr'>Intra</span> 
     </span>
     <span class='ocr_line' id='line_1_19' title="bbox 308 1473 1855 1529; baseline -0.003 -11"><span class='ocrx_word' id='word_1_140' title='bbox 308 1478 497 1518; x_wconf 78' lang='lat' dir='ltr'>fructum</span> <span class='ocrx_word' id='word_1_141' title='bbox 543 1475 824 1529; x_wconf 88' lang='lat' dir='ltr'>deplanatum</span> <span class='ocrx_word' id='word_1_142' title='bbox 870 1475 1116 1529; x_wconf 84' lang='lat' dir='ltr'>placentam</span> <span class='ocrx_word' id='word_1_143' title='bbox 1150 1474 1427 1521; x_wconf 77' lang='lat' dir='ltr'>subsimilein,</span> <span class='ocrx_word' id='word_1_144' title='bbox 1461 1473 1549 1514; x_wconf 83' lang='lat' dir='ltr'>fere</span> <span class='ocrx_word' id='word_1_145' title='bbox 1581 1473 1855 1515; x_wconf 81' lang='lat' dir='ltr'>reniforrnem</span> 
     </span>
     <span class='ocr_line' id='line_1_20' title="bbox 309 1541 1854 1597; baseline -0.004 -10"><span class='ocrx_word' id='word_1_146' title='bbox 309 1546 493 1596; x_wconf 79' lang='lat' dir='ltr'>diceres3</span> <span class='ocrx_word' id='word_1_147' title='bbox 524 1545 569 1586; x_wconf 90' lang='lat' dir='ltr'>in</span> <span class='ocrx_word' id='word_1_148' title='bbox 599 1543 825 1597; x_wconf 86' lang='lat' dir='ltr'>superficie</span> <span class='ocrx_word' id='word_1_149' title='bbox 856 1545 919 1586; x_wconf 90' lang='lat' dir='ltr'>ita</span> <span class='ocrx_word' id='word_1_150' title='bbox 951 1543 1184 1585; x_wconf 85' lang='lat' dir='ltr'>admodum</span> <span class='ocrx_word' id='word_1_151' title='bbox 1217 1543 1415 1593; x_wconf 81' lang='lat' dir='ltr'>dilatata,</span> <span class='ocrx_word' id='word_1_152' title='bbox 1447 1541 1657 1595; x_wconf 86' lang='lat' dir='ltr'>plurimas</span> <span class='ocrx_word' id='word_1_153' title='bbox 1681 1542 1742 1588; x_wconf 82' lang='lat' dir='ltr'>&lt;in</span> <span class='ocrx_word' id='word_1_154' title='bbox 1765 1556 1854 1583; x_wconf 87' lang='lat' dir='ltr'>sec-</span> 
     </span>
     <span class='ocr_line' id='line_1_21' title="bbox 309 1609 1855 1666; baseline -0.003 -11"><span class='ocrx_word' id='word_1_155' title='bbox 309 1614 424 1656; x_wconf 89' lang='lat' dir='ltr'>tione</span> <span class='ocrx_word' id='word_1_156' title='bbox 471 1613 667 1655; x_wconf 85' lang='lat' dir='ltr'>verticali</span> <span class='ocrx_word' id='word_1_157' title='bbox 704 1625 842 1665; x_wconf 83' lang='lat' dir='ltr'>usque</span> <span class='ocrx_word' id='word_1_158' title='bbox 882 1614 932 1653; x_wconf 77' lang='grc'>12</span> <span class='ocrx_word' id='word_1_159' title='bbox 965 1612 1211 1666; x_wconf 82' lang='lat' dir='ltr'>numeravi)</span> <span class='ocrx_word' id='word_1_160' title='bbox 1243 1611 1329 1652; x_wconf 89' lang='lat' dir='ltr'>vidi</span> <span class='ocrx_word' id='word_1_161' title='bbox 1361 1614 1534 1665; x_wconf 85' lang='lat' dir='ltr'>cryptas</span> <span class='ocrx_word' id='word_1_162' title='bbox 1561 1609 1855 1664; x_wconf 82' lang='lat' dir='ltr'>juxtapositas</span> 
     </span>
     <span class='ocr_line' id='line_1_22' title="bbox 311 1677 1855 1732; baseline -0.005 -8"><span class='ocrx_word' id='word_1_163' title='bbox 311 1696 479 1724; x_wconf 89' lang='lat' dir='ltr'>sursum</span> <span class='ocrx_word' id='word_1_164' title='bbox 525 1682 709 1732; x_wconf 78' lang='lat' dir='ltr'>hiantes,</span> <span class='ocrx_word' id='word_1_165' title='bbox 748 1681 928 1722; x_wconf 88' lang='lat' dir='ltr'>invicem</span> <span class='ocrx_word' id='word_1_166' title='bbox 960 1680 1191 1721; x_wconf 89' lang='lat' dir='ltr'>distinctas</span> <span class='ocrx_word' id='word_1_167' title='bbox 1221 1679 1460 1732; x_wconf 88' lang='lat' dir='ltr'>parietibus</span> <span class='ocrx_word' id='word_1_168' title='bbox 1491 1677 1717 1729; x_wconf 84' lang='lat' dir='ltr'>cellulosis,</span> <span class='ocrx_word' id='word_1_169' title='bbox 1750 1690 1855 1730; x_wconf 86' lang='lat' dir='ltr'>qua-</span> 
     </span>
     <span class='ocr_line' id='line_1_23' title="bbox 310 1743 1855 1803; baseline -0.005 -11"><span class='ocrx_word' id='word_1_170' title='bbox 310 1765 405 1792; x_wconf 91' lang='lat' dir='ltr'>rum</span> <span class='ocrx_word' id='word_1_171' title='bbox 451 1763 659 1803; x_wconf 85' lang='lat' dir='ltr'>supremae</span> <span class='ocrx_word' id='word_1_172' title='bbox 697 1748 862 1790; x_wconf 77' lang='lat' dir='ltr'>cellulae</span> <span class='ocrx_word' id='word_1_173' title='bbox 894 1747 1105 1800; x_wconf 75' lang='lat' dir='ltr'>elongatae</span> <span class='ocrx_word' id='word_1_174' title='bbox 1137 1762 1232 1788; x_wconf 87' lang='lat' dir='ltr'>cum</span> <span class='ocrx_word' id='word_1_175' title='bbox 1263 1746 1429 1788; x_wconf 89' lang='lat' dir='ltr'>cellulis</span> <span class='ocrx_word' id='word_1_176' title='bbox 1459 1744 1689 1800; x_wconf 90' lang='lat' dir='ltr'>pericarpii</span> <span class='ocrx_word' id='word_1_177' title='bbox 1721 1743 1855 1785; x_wconf 76' lang='lat' dir='ltr'>cohae-</span> 
     </span>
     <span class='ocr_line' id='line_1_24' title="bbox 311 1811 1855 1866; baseline -0.004 -8"><span class='ocrx_word' id='word_1_178' title='bbox 311 1818 467 1859; x_wconf 85' lang='lat' dir='ltr'>rebant</span> <span class='ocrx_word' id='word_1_179' title='bbox 498 1842 549 1846; x_wconf 72' lang='lat'><strong>—</strong></span> <span class='ocrx_word' id='word_1_180' title='bbox 582 1816 782 1858; x_wconf 87' lang='lat' dir='ltr'>nucleum</span> <span class='ocrx_word' id='word_1_181' title='bbox 820 1816 982 1858; x_wconf 86' lang='lat' dir='ltr'>diceres</span> <span class='ocrx_word' id='word_1_182' title='bbox 1015 1815 1221 1856; x_wconf 87' lang='lat' dir='ltr'>nucleolis</span> <span class='ocrx_word' id='word_1_183' title='bbox 1252 1818 1516 1865; x_wconf 78' lang='lat' dir='ltr'>contextum,</span> <span class='ocrx_word' id='word_1_184' title='bbox 1548 1814 1621 1866; x_wconf 75' lang='lat' dir='ltr'>qui</span> <span class='ocrx_word' id='word_1_185' title='bbox 1654 1813 1732 1853; x_wconf 90' lang='lat' dir='ltr'>hoc</span> <span class='ocrx_word' id='word_1_186' title='bbox 1764 1811 1855 1853; x_wconf 84' lang='lat' dir='ltr'>loco</span> 
     </span>
     <span class='ocr_line' id='line_1_25' title="bbox 311 1878 1858 1938; baseline -0.004 -13"><span class='ocrx_word' id='word_1_187' title='bbox 311 1884 553 1938; x_wconf 84' lang='lat' dir='ltr'>parietibus</span> <span class='ocrx_word' id='word_1_188' title='bbox 599 1883 790 1937; x_wconf 88' lang='lat' dir='ltr'>separati</span> <span class='ocrx_word' id='word_1_189' title='bbox 836 1882 1028 1933; x_wconf 85' lang='lat' dir='ltr'>fuerunt,</span> <span class='ocrx_word' id='word_1_190' title='bbox 1073 1885 1122 1923; x_wconf 92' lang='lat' dir='ltr'>ut</span> <span class='ocrx_word' id='word_1_191' title='bbox 1167 1883 1210 1922; x_wconf 93' lang='lat' dir='ltr'>in</span> <span class='ocrx_word' id='word_1_192' title='bbox 1246 1881 1396 1922; x_wconf 87' lang='lat' dir='ltr'>multis</span> <span class='ocrx_word' id='word_1_193' title='bbox 1434 1881 1532 1922; x_wconf 90' lang='lat' dir='ltr'>aliis</span> <span class='ocrx_word' id='word_1_194' title='bbox 1564 1878 1745 1921; x_wconf 87' lang='lat' dir='ltr'>nucleoli</span> <span class='ocrx_word' id='word_1_195' title='bbox 1776 1878 1858 1919; x_wconf 85' lang='lat' dir='ltr'>filis</span> 
     </span>
     <span class='ocr_line' id='line_1_26' title="bbox 313 1946 1857 2004; baseline -0.005 -11"><span class='ocrx_word' id='word_1_196' title='bbox 313 1951 532 1993; x_wconf 88' lang='lat' dir='ltr'>sterilibus</span> <span class='ocrx_word' id='word_1_197' title='bbox 564 1954 838 2004; x_wconf 85' lang='lat' dir='ltr'>separantur.</span> <span class='ocrx_word' id='word_1_198' title='bbox 885 1950 1097 1991; x_wconf 88' lang='lat' dir='ltr'>Interiore</span> <span class='ocrx_word' id='word_1_199' title='bbox 1129 1949 1266 1990; x_wconf 87' lang='lat' dir='ltr'>latere</span> <span class='ocrx_word' id='word_1_200' title='bbox 1289 1952 1536 2003; x_wconf 81' lang='lat' dir='ltr'>cryptarum</span> <span class='ocrx_word' id='word_1_201' title='bbox 1560 1946 1857 1988; x_wconf 84' lang='lat' dir='ltr'>tenuissimum</span> 
     </span>
     <span class='ocr_line' id='line_1_27' title="bbox 312 2015 1857 2071; baseline -0.004 -11"><span class='ocrx_word' id='word_1_202' title='bbox 312 2019 435 2060; x_wconf 89' lang='lat' dir='ltr'>initio</span> <span class='ocrx_word' id='word_1_203' title='bbox 473 2017 614 2059; x_wconf 87' lang='lat' dir='ltr'>adfuit</span> <span class='ocrx_word' id='word_1_204' title='bbox 646 2021 834 2059; x_wconf 87' lang='lat' dir='ltr'>stratum</span> <span class='ocrx_word' id='word_1_205' title='bbox 866 2017 1204 2071; x_wconf 85' lang='lat' dir='ltr'>subhymeniale,</span> <span class='ocrx_word' id='word_1_206' title='bbox 1237 2016 1403 2058; x_wconf 86' lang='lat' dir='ltr'>cellulis</span> <span class='ocrx_word' id='word_1_207' title='bbox 1435 2015 1652 2069; x_wconf 81' lang='lat' dir='ltr'>angulatis</span> <span class='ocrx_word' id='word_1_208' title='bbox 1684 2018 1857 2056; x_wconf 88' lang='lat' dir='ltr'>anasto-</span> 
     </span>
     <span class='ocr_line' id='line_1_28' title="bbox 312 2083 1858 2138; baseline -0.004 -10"><span class='ocrx_word' id='word_1_209' title='bbox 312 2086 580 2128; x_wconf 88' lang='lat' dir='ltr'>mosantibus</span> <span class='ocrx_word' id='word_1_210' title='bbox 625 2086 929 2135; x_wconf 72' lang='lat' dir='ltr'>constitutum,</span> <span class='ocrx_word' id='word_1_211' title='bbox 979 2085 1023 2126; x_wconf 90' lang='lat' dir='ltr'>in</span> <span class='ocrx_word' id='word_1_212' title='bbox 1067 2084 1196 2138; x_wconf 91' lang='lat' dir='ltr'>paulo</span> <span class='ocrx_word' id='word_1_213' title='bbox 1243 2084 1458 2126; x_wconf 88' lang='lat' dir='ltr'>adultiore</span> <span class='ocrx_word' id='word_1_214' title='bbox 1494 2083 1639 2124; x_wconf 85' lang='lat' dir='ltr'>fructu</span> <span class='ocrx_word' id='word_1_215' title='bbox 1670 2083 1858 2136; x_wconf 89' lang='lat' dir='ltr'>parietes</span> 
     </span>
     <span class='ocr_line' id='line_1_29' title="bbox 313 2151 1856 2207; baseline -0.005 -11"><span class='ocrx_word' id='word_1_216' title='bbox 313 2154 512 2207; x_wconf 87' lang='lat' dir='ltr'>contigue</span> <span class='ocrx_word' id='word_1_217' title='bbox 544 2151 737 2193; x_wconf 87' lang='lat' dir='ltr'>cellulosi</span> <span class='ocrx_word' id='word_1_218' title='bbox 769 2151 857 2192; x_wconf 84' lang='lat' dir='ltr'>ferc-</span> <span class='ocrx_word' id='word_1_219' title='bbox 889 2155 1162 2201; x_wconf 87' lang='lat' dir='ltr'>evanescunt,</span> <span class='ocrx_word' id='word_1_220' title='bbox 1186 2154 1228 2192; x_wconf 89' lang='lat' dir='ltr'>et</span> <span class='ocrx_word' id='word_1_221' title='bbox 1252 2153 1412 2204; x_wconf 86' lang='lat' dir='ltr'>cryptae</span> <span class='ocrx_word' id='word_1_222' title='bbox 1435 2152 1696 2203; x_wconf 85' lang='lat' dir='ltr'>separantur</span> <span class='ocrx_word' id='word_1_223' title='bbox 1718 2151 1856 2189; x_wconf 83' lang='lat' dir='ltr'>strato</span> 
     </span>
     <span class='ocr_line' id='line_1_30' title="bbox 314 2216 1858 2275; baseline -0.005 -12"><span class='ocrx_word' id='word_1_224' title='bbox 314 2219 628 2275; x_wconf 86' lang='lat' dir='ltr'>subhymeniali</span> <span class='ocrx_word' id='word_1_225' title='bbox 659 2219 797 2271; x_wconf 84' lang='lat' dir='ltr'>magis</span> <span class='ocrx_word' id='word_1_226' title='bbox 829 2218 1053 2272; x_wconf 81' lang='lat' dir='ltr'>magisque</span> <span class='ocrx_word' id='word_1_227' title='bbox 1087 2218 1390 2271; x_wconf 64' lang='lat' dir='ltr'>evoluto,(AgJ.</span> <span class='ocrx_word' id='word_1_228' title='bbox 1423 2218 1502 2259; x_wconf 74' lang='lat' dir='ltr'>tab.</span> <span class='ocrx_word' id='word_1_229' title='bbox 1536 2216 1711 2257; x_wconf 81' lang='lat' dir='ltr'><strong><em>XXIV.</em></strong></span> <span class='ocrx_word' id='word_1_230' title='bbox 1731 2217 1808 2269; x_wconf 71' lang='lat' dir='ltr'>figy.</span> <span class='ocrx_word' id='word_1_231' title='bbox 1832 2219 1858 2257; x_wconf 79' lang='lat'>’7</span> 
     </span>
     <span class='ocr_line' id='line_1_31' title="bbox 313 2284 1858 2340; baseline -0.005 -9"><span class='ocrx_word' id='word_1_232' title='bbox 313 2294 350 2331; x_wconf 73' lang='lat' dir='ltr'>ct</span> <span class='ocrx_word' id='word_1_233' title='bbox 380 2294 408 2332; x_wconf 85' lang='grc'><em>8</em></span> <span class='ocrx_word' id='word_1_234' title='bbox 429 2294 484 2340; x_wconf 80' lang='lat' dir='ltr'>a).</span> <span class='ocrx_word' id='word_1_235' title='bbox 531 2288 677 2329; x_wconf 88' lang='lat' dir='ltr'>Etiam</span> <span class='ocrx_word' id='word_1_236' title='bbox 709 2288 751 2328; x_wconf 90' lang='lat' dir='ltr'>in</span> <span class='ocrx_word' id='word_1_237' title='bbox 783 2288 986 2329; x_wconf 71' lang='lat' dir='ltr'>inferiore</span> <span class='ocrx_word' id='word_1_238' title='bbox 1018 2290 1142 2340; x_wconf 88' lang='lat' dir='ltr'>parte</span> <span class='ocrx_word' id='word_1_239' title='bbox 1173 2287 1383 2339; x_wconf 73' lang='lat' dir='ltr'>placentae</span> <span class='ocrx_word' id='word_1_240' title='bbox 1415 2284 1619 2326; x_wconf 87' lang='lat' dir='ltr'>cellulosa</span> <span class='ocrx_word' id='word_1_241' title='bbox 1650 2284 1858 2337; x_wconf 85' lang='lat' dir='ltr'>primaria</span> 
     </span>
     <span class='ocr_line' id='line_1_32' title="bbox 314 2352 1858 2409; baseline -0.005 -10"><span class='ocrx_word' id='word_1_242' title='bbox 314 2358 581 2399; x_wconf 88' lang='lat' dir='ltr'>consumitur</span> <span class='ocrx_word' id='word_1_243' title='bbox 613 2357 768 2397; x_wconf 79' lang='lat' dir='ltr'>sensim</span> <span class='ocrx_word' id='word_1_244' title='bbox 802 2356 1057 2409; x_wconf 75' lang='lat' dir='ltr'>sensimque,</span> <span class='ocrx_word' id='word_1_245' title='bbox 1090 2355 1257 2396; x_wconf 80' lang='lat' dir='ltr'>cellulis</span> <span class='ocrx_word' id='word_1_246' title='bbox 1288 2354 1498 2407; x_wconf 80' lang='lat' dir='ltr'>contiguis</span> <span class='ocrx_word' id='word_1_247' title='bbox 1531 2353 1575 2393; x_wconf 87' lang='lat' dir='ltr'>in</span> <span class='ocrx_word' id='word_1_248' title='bbox 1596 2352 1738 2393; x_wconf 75' lang='lat' dir='ltr'>laxius</span> <span class='ocrx_word' id='word_1_249' title='bbox 1760 2366 1858 2392; x_wconf 89' lang='lat' dir='ltr'>con-</span> 
     </span>
     <span class='ocr_line' id='line_1_33' title="bbox 310 2419 1858 2480; baseline -0.005 -13"><span class='ocrx_word' id='word_1_250' title='bbox 310 2427 485 2480; x_wconf 84' lang='lat' dir='ltr'>junctas</span> <span class='ocrx_word' id='word_1_251' title='bbox 518 2424 646 2465; x_wconf 88' lang='lat' dir='ltr'>strati</span> <span class='ocrx_word' id='word_1_252' title='bbox 678 2424 1016 2478; x_wconf 81' lang='lat' dir='ltr'>subhyinenialis</span> <span class='ocrx_word' id='word_1_253' title='bbox 1048 2422 1387 2470; x_wconf 78' lang='lat' dir='ltr'>transeuntibus,</span> <span class='ocrx_word' id='word_1_254' title='bbox 1411 2424 1453 2462; x_wconf 88' lang='lat' dir='ltr'>et</span> <span class='ocrx_word' id='word_1_255' title='bbox 1475 2420 1554 2462; x_wconf 88' lang='lat' dir='ltr'>hoc</span> <span class='ocrx_word' id='word_1_256' title='bbox 1576 2419 1717 2461; x_wconf 90' lang='lat' dir='ltr'>stadio</span> <span class='ocrx_word' id='word_1_257' title='bbox 1735 2419 1858 2472; x_wconf 88' lang='lat' dir='ltr'>quasi</span> 
     </span>
     <span class='ocr_line' id='line_1_34' title="bbox 316 2487 1858 2547; baseline -0.005 -13"><span class='ocrx_word' id='word_1_258' title='bbox 316 2493 529 2547; x_wconf 85' lang='lat' dir='ltr'>duplicem</span> <span class='ocrx_word' id='word_1_259' title='bbox 560 2493 712 2534; x_wconf 86' lang='lat' dir='ltr'>seriem</span> <span class='ocrx_word' id='word_1_260' title='bbox 744 2495 997 2547; x_wconf 87' lang='lat' dir='ltr'>cryptarum</span> <span class='ocrx_word' id='word_1_261' title='bbox 1030 2492 1280 2545; x_wconf 85' lang='lat' dir='ltr'>dignoscere</span> <span class='ocrx_word' id='word_1_262' title='bbox 1302 2490 1484 2540; x_wconf 82' lang='lat' dir='ltr'>credidi3</span> <span class='ocrx_word' id='word_1_263' title='bbox 1517 2489 1686 2530; x_wconf 83' lang='lat' dir='ltr'>denium</span> <span class='ocrx_word' id='word_1_264' title='bbox 1709 2487 1858 2541; x_wconf 84' lang='lat' dir='ltr'>primis</span> 
     </span>
     <span class='ocr_line' id='line_1_35' title="bbox 316 2557 1858 2616; baseline -0.005 -14"><span class='ocrx_word' id='word_1_265' title='bbox 316 2565 564 2616; x_wconf 80' lang='lat' dir='ltr'>cryptarum</span> <span class='ocrx_word' id='word_1_266' title='bbox 603 2560 956 2614; x_wconf 82' lang='lat' dir='ltr'>generationibus</span> <span class='ocrx_word' id='word_1_267' title='bbox 996 2560 1174 2610; x_wconf 80' lang='lat' dir='ltr'>effoetis,</span> <span class='ocrx_word' id='word_1_268' title='bbox 1206 2559 1279 2600; x_wconf 85' lang='lat' dir='ltr'>fila</span> <span class='ocrx_word' id='word_1_269' title='bbox 1311 2557 1624 2611; x_wconf 74' lang='lat' dir='ltr'>gennnidiifera</span> <span class='ocrx_word' id='word_1_270' title='bbox 1655 2571 1680 2597; x_wconf 88' lang='lat' dir='ltr'>a</span> <span class='ocrx_word' id='word_1_271' title='bbox 1711 2568 1858 2608; x_wconf 88' lang='lat' dir='ltr'>super-</span> 
     </span>
     <span class='ocr_line' id='line_1_36' title="bbox 317 2622 1858 2681; baseline -0.003 -13"><span class='ocrx_word' id='word_1_272' title='bbox 317 2629 407 2669; x_wconf 85' lang='lat' dir='ltr'>ficie</span> <span class='ocrx_word' id='word_1_273' title='bbox 439 2642 564 2681; x_wconf 74' lang='lat' dir='ltr'>aequa</span> <span class='ocrx_word' id='word_1_274' title='bbox 595 2627 817 2680; x_wconf 73' lang='lat' dir='ltr'>placentae,</span> <span class='ocrx_word' id='word_1_275' title='bbox 836 2631 969 2668; x_wconf 87' lang='lat' dir='ltr'>semet</span> <span class='ocrx_word' id='word_1_276' title='bbox 992 2628 1129 2680; x_wconf 87' lang='lat' dir='ltr'>ipsam</span> <span class='ocrx_word' id='word_1_277' title='bbox 1152 2626 1427 2675; x_wconf 79' lang='lat' dir='ltr'>conficientis,</span> <span class='ocrx_word' id='word_1_278' title='bbox 1451 2638 1619 2665; x_wconf 87' lang='lat' dir='ltr'>sursum</span> <span class='ocrx_word' id='word_1_279' title='bbox 1641 2622 1858 2664; x_wconf 88' lang='lat' dir='ltr'>radiantia</span> 
     </span>
     <span class='ocr_line' id='line_1_37' title="bbox 317 2689 1860 2746; baseline -0.003 -12"><span class='ocrx_word' id='word_1_280' title='bbox 317 2696 493 2736; x_wconf 77' lang='lat' dir='ltr'>diceres.</span> <span class='ocrx_word' id='word_1_281' title='bbox 554 2695 675 2744; x_wconf 70' lang='lat' dir='ltr'>Quod</span> <span class='ocrx_word' id='word_1_282' title='bbox 706 2695 842 2746; x_wconf 77' lang='lat' dir='ltr'>igitur</span> <span class='ocrx_word' id='word_1_283' title='bbox 873 2695 916 2735; x_wconf 93' lang='lat' dir='ltr'>in</span> <span class='ocrx_word' id='word_1_284' title='bbox 947 2694 1196 2735; x_wconf 59' lang='lat' dir='ltr'>Gracina-i«</span> <span class='ocrx_word' id='word_1_285' title='bbox 1230 2693 1368 2734; x_wconf 88' lang='lat' dir='ltr'>minus</span> <span class='ocrx_word' id='word_1_286' title='bbox 1400 2692 1617 2733; x_wconf 87' lang='lat' dir='ltr'>evolutum</span> <span class='ocrx_word' id='word_1_287' title='bbox 1649 2689 1860 2742; x_wconf 82' lang='lat' dir='ltr'>adpareat</span> 
     </span>
     <span class='ocr_line' id='line_1_38' title="bbox 319 2758 1859 2817; baseline -0.004 -14"><span class='ocrx_word' id='word_1_288' title='bbox 319 2767 503 2804; x_wconf 87' lang='lat' dir='ltr'>stratum</span> <span class='ocrx_word' id='word_1_289' title='bbox 536 2763 859 2817; x_wconf 86' lang='lat' dir='ltr'>subhymeniale</span> <span class='ocrx_word' id='word_1_290' title='bbox 892 2763 991 2815; x_wconf 68' lang='lat' dir='ltr'><em>(Agl.</em></span> <span class='ocrx_word' id='word_1_291' title='bbox 1023 2763 1048 2803; x_wconf 80' lang='lat' dir='ltr'>l.</span> <span class='ocrx_word' id='word_1_292' title='bbox 1080 2778 1112 2803; x_wconf 80' lang='lat' dir='ltr'>c.</span> <span class='ocrx_word' id='word_1_293' title='bbox 1133 2764 1211 2815; x_wconf 60' lang='grc' dir='ltr'>ιῙιῃ.</span> <span class='ocrx_word' id='word_1_294' title='bbox 1242 2766 1267 2802; x_wconf 67' lang='grc'><em>4</em></span> <span class='ocrx_word' id='word_1_295' title='bbox 1298 2762 1320 2801; x_wconf 76' lang='lat' dir='ltr'><em>b</em></span> <span class='ocrx_word' id='word_1_296' title='bbox 1350 2761 1406 2801; x_wconf 75' lang='lat' dir='ltr'>ad</span> <span class='ocrx_word' id='word_1_297' title='bbox 1428 2761 1495 2813; x_wconf 74' lang='lat' dir='ltr'>p),</span> <span class='ocrx_word' id='word_1_298' title='bbox 1532 2759 1610 2799; x_wconf 86' lang='lat' dir='ltr'>hoc</span> <span class='ocrx_word' id='word_1_299' title='bbox 1640 2758 1683 2798; x_wconf 87' lang='lat' dir='ltr'>in</span> <span class='ocrx_word' id='word_1_300' title='bbox 1718 2758 1859 2809; x_wconf 73' lang='lat' dir='ltr'>Tyloto</span> 
     </span>
     <span class='ocr_line' id='line_1_39' title="bbox 319 2828 1858 2884; baseline -0.003 -13"><span class='ocrx_word' id='word_1_301' title='bbox 319 2832 366 2871; x_wconf 87' lang='lat' dir='ltr'>fit</span> <span class='ocrx_word' id='word_1_302' title='bbox 397 2831 582 2884; x_wconf 78' lang='lat' dir='ltr'>amplius</span> <span class='ocrx_word' id='word_1_303' title='bbox 615 2834 658 2872; x_wconf 81' lang='lat' dir='ltr'>et</span> <span class='ocrx_word' id='word_1_304' title='bbox 691 2831 827 2883; x_wconf 80' lang='lat' dir='ltr'>magis</span> <span class='ocrx_word' id='word_1_305' title='bbox 859 2832 1133 2884; x_wconf 85' lang='lat' dir='ltr'>conspicuum</span> <span class='ocrx_word' id='word_1_306' title='bbox 1165 2832 1265 2884; x_wconf 72' lang='lat' dir='ltr'>(Ay.</span> <span class='ocrx_word' id='word_1_307' title='bbox 1298 2832 1322 2871; x_wconf 77' lang='lat' dir='ltr'>l.</span> <span class='ocrx_word' id='word_1_308' title='bbox 1356 2831 1482 2882; x_wconf 55' lang='lat' dir='ltr'>(asty.</span> <span class='ocrx_word' id='word_1_309' title='bbox 1515 2831 1539 2869; x_wconf 79' lang='lat'>&#39;7</span> <span class='ocrx_word' id='word_1_310' title='bbox 1569 2831 1606 2868; x_wconf 67' lang='lat' dir='ltr'>ct</span> <span class='ocrx_word' id='word_1_311' title='bbox 1635 2833 1664 2868; x_wconf 69' lang='grc' dir='ltr'><em>ὃ</em></span> <span class='ocrx_word' id='word_1_312' title='bbox 1697 2828 1761 2879; x_wconf 77' lang='grc'><em>((),·</em></span> <span class='ocrx_word' id='word_1_313' title='bbox 1806 2842 1858 2868; x_wconf 84' lang='lat' dir='ltr'>ex</span> 
     </span>
     <span class='ocr_line' id='line_1_40' title="bbox 320 2895 1859 2950; baseline -0.001 -12"><span class='ocrx_word' id='word_1_314' title='bbox 320 2898 457 2939; x_wconf 83' lang='lat' dir='ltr'>forma</span> <span class='ocrx_word' id='word_1_315' title='bbox 502 2898 753 2939; x_wconf 85' lang='lat' dir='ltr'>cellularum</span> <span class='ocrx_word' id='word_1_316' title='bbox 801 2899 1167 2950; x_wconf 80' lang='lat' dir='ltr'>constituentium,</span> <span class='ocrx_word' id='word_1_317' title='bbox 1200 2912 1434 2949; x_wconf 80' lang='lat' dir='ltr'>earumque</span> <span class='ocrx_word' id='word_1_318' title='bbox 1466 2898 1680 2945; x_wconf 82' lang='lat' dir='ltr'>contentu,</span> <span class='ocrx_word' id='word_1_319' title='bbox 1713 2895 1859 2936; x_wconf 83' lang='lat' dir='ltr'>analo-</span> 
     </span>
    </p>
   </div>
  </div>
 </body>
</html>
