1937 3315
1552 195 1630 236 185

94 320 210 360 ciora
243 334 351 360 nunc
383 318 508 372 plura
541 315 782 370 gemmidia,
814 314 968 364 samius
1002 314 1040 353 ni
1074 311 1199 353 fallor
1230 311 1375 365 (terna
1407 311 1500 349 aut)
1525 321 1629 360 qua-

93 391 216 428 terna
247 390 523 440 generantur.
571 384 722 425 Partes
754 381 1099 435 quandoquidem
1123 379 1209 420 vidi
1233 378 1356 432 quasi
1379 377 1630 419 tenuissimo

93 455 326 508 appendice
353 455 538 507 junctas,
571 466 695 504 11116111
730 451 832 491 tubo
863 454 1083 504 protracto
1116 447 1221 501 pori,
1254 446 1525 487 membranas
1556 458 1630 485 an-

94 527 163 563 tea
196 523 468 575 permeantis,
501 526 643 562 ortum
676 519 835 573 putavi.
882 518 991 558 Ante
1025 516 1273 557 divisionem
1296 513 1631 554 endochromata

94 605 203 631 nunc
235 591 371 632 colore
404 589 628 643 pallidiore
660 588 874 628 instructa
906 585 1005 628 vidi,
1038 588 1215 638 peracta
1246 582 1453 623 divisione
1486 584 1630 633 partes

95 659 302 699 intensius
334 658 559 706 coloratas,
591 670 700 708 saepe
732 670 889 695 roseas.
949 652 1219 706 Comparatis
1251 650 1359 691 lobis
1386 648 1631 702 junioribus

95 730 137 767 et
181 726 467 766 adultioribus
512 723 680 764 facilius
727 722 832 763 1111111
881 721 1159 774 persuadeam
1199 733 1343 760 omnes
1374 716 1631 758 cellularum

95 797 392 850 generationes
437 794 639 835 continua
686 792 975 833 subdivisione
1013 791 1134 833 oriri:
1176 794 1223 829 ut
1256 787 1485 842 gemmidia
1516 785 1631 826 intra

93 865 302 913 ultimam,
340 863 401 903 ita
437 863 601 916 priores
633 860 812 901 cellulas
844 860 959 900 intra
991 872 1089 898 suas
1121 856 1421 898 antecedentes
1453 853 1631 894 cellulas

93 935 312 972 maternas
343 929 540 983 generari
573 932 791 982 putarem3
839 926 985 967 ordine
1017 929 1161 965 autem
1193 928 1236 965 et
1267 923 1500 964 directione
1532 935 1630 975 par-

92 1000 201 1039 tium
248 1012 356 1052 saepe
404 997 625 1038 discedant
670 996 861 1044 diversae,
908 995 969 1034 ita
1015 997 1062 1034 ut
1110 996 1201 1034 tota
1240 991 1398 1033 favella
1429 990 1630 1044 partibus

91 1067 257 1108 diverso
290 1065 412 1106 modo
444 1065 593 1118 positis
625 1064 792 1105 demum
826 1066 1021 1103 constare
1054 1061 1265 1113 adpareat
1283 1059 1336 1114 1).

202 1133 267 1174 Ad
303 1133 446 1173 basem
477 1132 642 1173 favellae
674 1131 775 1185 (Ay.
807 1131 891 1171 tab.
925 1130 960 1170 Ι.
981 1130 1056 1183 ι119.
1090 1129 1163 1182 17)
1195 1134 1272 1168 aut
1303 1127 1499 1167 loborum
1533 1125 1628 1177 (Ay.

90 1202 169 1242 tab.
200 1201 330 1253 lfiy.
361 1203 418 1241 20
448 1200 505 1240 ad
535 1200 582 1253 (Z)
630 1213 740 1239 nunc
785 1198 1106 1250 conspiciuntur
1152 1195 1316 1237 cellulae
1363 1194 1508 1247 plures
1554 1199 1630 1234 aut

90 1268 281 1322 singulae,
329 1281 421 1321 quae
469 1268 607 1308 forma.
652 1271 695 1309 et
739 1266 967 1320 pallidiore
1006 1265 1145 1306 colore
1185 1278 1210 1304 a
1248 1262 1554 1316 superioribus,
1587 1262 1631 1302 in

90 1335 318 1390 gemmidia
351 1335 582 1378 mutandis
617 1334 835 1376 differunt
890 1333 976 1373 Has
1009 1332 1214 1385 analogas
1237 1346 1326 1372 esse
1349 1330 1516 1372 cellulis
1538 1329 1630 1383 pla-

89 1404 348 1453 centaribus,
381 1417 473 1457 quae
506 1405 548 1444 in
581 1403 791 1444 Florideis
822 1402 1150 1456 perfectioribus
1183 1404 1368 1441 stratum
1401 1399 1629 1454 subhyme-

90 1472 202 1514 niale
249 1486 357 1526 saepe
403 1472 683 1513 constituant,
725 1471 924 1520 assumsi3
964 1469 1159 1522 equidem
1194 1469 1330 1522 magis
1361 1467 1556 1509 evolutas
1588 1471 1631 1508 et

89 1540 328 1582 evidentius
359 1543 632 1580 transeuntes
664 1539 705 1578 in
738 1538 931 1585 formam,
965 1552 1092 1590 quam
1125 1536 1290 1577 cellulis
1313 1534 1630 1589 liymenialibus

89 1609 177 1650 fere
210 1607 443 1649 normalem
476 1608 638 1661 putavi⁷
672 1607 713 1647 in
746 1607 935 1648 Cerennio
968 1606 1090 1647 rubr«)
1112 1605 1213 1657 (Agl.
1236 1605 1316 1645 tab.
1338 1604 1514 1657 IIIfiy.
1535 1604 1628 1655 23),

89 1678 273 1718 sectione
307 1675 612 1729 longitudinali
644 1689 719 1727 per
751 1674 938 1715 medium
970 1674 1159 1714 fructum
1191 1673 1335 1722 ducta,
1359 1670 1628 1725 quandoqui-

89 1743 184 1784 dem
218 1743 316 1783 vidi.

200 1811 341 1851 Prima
391 1811 517 1851 initia
548 1810 712 1851 favellae
744 1811 786 1851 in
819 1810 997 1866 diversis
1030 1809 1249 1863 speciebus
1281 1808 1490 1862 quaerenti
1522 1807 1627 1848 mihi

89 1878 202 1919 haud
235 1893 282 1919 ea
315 1878 519 1931 adparuit
541 1879 584 1918 in
605 1879 697 1930 ipsa
720 1878 989 1918 institutione
1011 1877 1162 1930 organi
1185 1877 1475 1924 conformitas,
1499 1868 1628 1929 quain

91 1946 282 1988 nonnulli
328 1950 523 1987 auctores
569 1961 783 1987 assumere
830 1946 1071 1986 voluerunt.
1131 1945 1231 1995 Quae
1264 1945 1298 1986 51
1330 1946 1393 1985 ita
1424 1944 1524 1994 sint,
1556 1958 1628 1985 ex-

89 2014 304 2067 plicantur
341 2014 509 2055 facilius
539 2015 874 2056 modilicationes
907 2015 949 2055 in
981 2016 1066 2055 situ
1099 2019 1141 2055 et
1172 2014 1488 2067 compositione,
1522 2027 1628 2066 quas

88 2084 130 2123 in
176 2081 334 2123 favella
373 2086 686 2123 maturescente
719 2083 902 2123 existere
935 2097 1065 2135 supra
1097 2082 1253 2123 monui.
1315 2080 1422 2122 Sunt
1454 2081 1627 2134 species,

178 2231 210 2273 *Ji
238 2230 402 2264 Cellulas
439 2234 627 2263 maternas
667 2232 879 2264 successive
918 2231 955 2263 111
994 2231 1155 2263 diversis
1196 2230 1507 2274 generationibus
1542 2230 1626 2263 sub-

89 2287 228 2320 divisas
268 2288 356 2323 fore,
395 2295 435 2321 ut
468 2289 513 2321 ad
539 2292 679 2322 certam
708 2288 893 2332 quandam
923 2292 1180 2331 pei-venerunt
1209 2287 1520 2331 magnitudinem.
1549 2286 1624 2329 ple>

89 2355 243 2387 rumque
270 2345 442 2377 obtinere
471 2351 653 2387 putarem.
692 2344 906 2386 Aliquando
934 2355 1021 2377 vero
1048 2344 1204 2376 cellulas
1232 2343 1269 2375 in
1297 2342 1458 2376 diversis
1477 2342 1625 2376 favellis

91 2401 350 2445 magnitudine
388 2401 585 2433 admodum
625 2401 795 2434 diversas
836 2400 963 2433 videre
1004 2400 1104 2433 licet.
1155 2400 1238 2443 Quae
1279 2400 1331 2433 ita
1364 2399 1625 2444 magnitudine

90 2456 301 2500 prominent
332 2456 477 2489 cellulae
506 2461 687 2490 contentu
714 2455 833 2499 magis
860 2456 1064 2499 granuloso
1092 2461 1127 2489 et
1155 2458 1278 2490 colore
1307 2457 1506 2501 pallidiore
1529 2469 1626 2490 nunc

90 2514 258 2557 insignes
287 2513 375 2545 milii
403 2513 675 2556 adparueruntg
704 2513 768 2546 lias
796 2512 1000 2546 anterioris
1026 2513 1284 2553 generationis
1311 2514 1466 2548 cellulas
1488 2514 1626 2547 sistere

90 2570 208 2615 magis
236 2570 546 2613 grandescentes,
573 2580 655 2611 quae
683 2581 747 2602 suo
774 2569 905 2602 ordine
935 2581 1007 2600 non
1036 2569 1241 2602 subdiv1sae
1269 2570 1422 2606 fuerint,
1451 2569 1624 2613 equidem

89 2627 300 2671 suspicatus
339 2638 430 2660 snm.
481 2625 614 2659 Utrum
653 2625 804 2660 steriles
843 2626 1060 2669 persistant.
1095 2639 1138 2659 1111
1167 2626 1317 2659 demum
1345 2627 1453 2659 simul
1482 2627 1624 2670 pluries

90 2683 395 2724 subdividuntur,
423 2694 523 2726 ¹tegre
551 2681 700 2715 dicitur.
739 2684 856 2724 Quum
885 2683 921 2715 in
949 2683 1077 2716 eadem
1104 2682 1241 2715 favella
1267 2682 1524 2716 Callitlmmm‘i
1541 2694 1622 2718 cru-

89 2741 179 2774 ciati
211 2741 315 2774 lobos
343 2740 410 2773 hoc
438 2740 546 2773 modo
574 2740 743 2773 diversos
774 2739 942 2779 viderim,
970 2741 1121 2773 eosdem
1149 2751 1230 2773 esse
1256 2741 1406 2775 favellae
1432 2742 1621 2776 modifica-

90 2798 229 2831 tionem
267 2796 452 2839 quandam
491 2797 719 2837 abnormem,
759 2796 818 2829 vix
846 2795 1020 2830 dubitare
1048 2797 1148 2830 licet.
1200 2798 1405 2841 Analogam
1434 2798 1619 2833 modifica-

90 2855 229 2889 tionem
268 2854 541 2897 spliaerosporae
580 2854 816 2887 observatam
856 2853 972 2887 fuisse
1013 2854 1096 2898 (Ay.
1131 2855 1199 2889 cal).
1228 2854 1258 2888 I.
1278 2856 1346 2899 fiy.
1373 2858 1429 2898 15)
1457 2856 1622 2891 animad-

90 2917 239 2945 vertere
266 2913 402 2956 placet.
