1937 3315
1631 181 1683 221 85

144 305 230 333 una
274 306 369 333 cum
416 291 658 334 evolutione
694 291 882 332 rachidis
913 294 956 331 et
987 291 1134 332 eodem
1165 294 1356 344 tempore
1388 305 1482 332 cum
1514 305 1682 332 norma-

144 358 257 400 libus
303 360 446 406 ramis,
496 359 569 401 sed
615 359 850 401 successive
882 357 1028 412 plures
1059 358 1289 412 pluresque
1321 359 1578 401 evolvuntur
1608 373 1682 412 po-

143 429 255 477 stea3
302 430 345 468 et
388 427 432 468 in
477 426 793 468 Callithamniis
838 425 1035 479 pluribus
1070 425 1168 479 (cfr.
1199 426 1353 478 (Harey.
1389 426 1515 479 I'leyc.
1548 430 1681 468 auser.

142 494 222 535 tab.
255 497 357 545 221,
387 495 498 547 227)
528 493 709 546 aliisque
741 493 814 534 alii
846 493 954 534 rami
985 497 1084 534 sunt
1115 494 1188 546 qui
1220 509 1302 535 non
1334 509 1359 534 a
1390 493 1581 546 margine
1613 507 1681 535 ra-

144 561 280 602 chidis
312 565 355 603 et
386 576 471 603 una
503 575 598 602 cum
630 561 769 614 pinnis
802 560 1067 602 normalibus
1100 565 1377 614 generantur,
1410 560 1481 601 scd
1514 575 1539 601 a
1560 562 1681 614 pagi-

143 630 207 670 nis
252 628 544 683 plumularum
578 632 620 668 et
651 631 799 680 postea
846 631 1092 671 nascuntur,
1131 628 1269 669 forma
1305 628 1474 669 diversa
1510 642 1681 681 quoque

144 712 252 752 saepe
297 698 498 751 insignes.
559 696 608 736 In
646 695 793 736 multis
830 695 862 735 F
866 695 1040 736 lorideis
1071 695 1305 736 fructiferae
1337 695 1501 737 cellulae
1532 709 1680 748 prove-

141 766 267 807 niunt
297 762 534 805 adventitio
565 762 708 812 modo;
755 765 798 802 et
829 776 855 802 a
887 762 1157 814 serpentibus
1189 762 1413 803 frondibus
1445 762 1681 804 multarum

140 832 213 874 fila
257 830 468 873 radicalia
511 829 747 871 adventitio
778 829 902 870 modo
934 833 1165 881 erumpunt
1197 843 1222 869 a
1253 829 1445 882 qualibet
1477 829 1564 870 fere
1596 829 1679 870 cel-

138 899 245 950 lula,
277 924 328 928 —
360 897 616 952 quandoque
660 897 787 950 plura
831 896 886 937 ab
922 896 1071 938 eodem
1103 896 1287 938 articulo
1319 897 1504 949 (Gallim.
1537 897 1678 938 bacca-

137 969 257 1022 tum),
289 993 340 997 —
372 966 628 1020 ubicumque
666 969 856 1008 externae
892 964 1062 1006 cuidam
1109 964 1224 1018 parti
1271 964 1678 1018 adpropinquantur

137 1034 313 1079 articuli
343 1037 612 1088 generantes.

250 1102 410 1144 Praetes
433 1101 523 1151 has,
557 1114 665 1154 quas
696 1113 806 1154 saepe
837 1099 1007 1141 facilius
1039 1099 1289 1153 dignoscere
1320 1098 1433 1148 licet,
1466 1098 1678 1139 ramifica-

137 1170 264 1212 tionis
295 1169 468 1218 formas,
500 1166 596 1208 aliae
628 1180 797 1221 quoque
829 1170 1003 1209 exstant
1033 1166 1387 1215 modificationes,
1419 1178 1514 1217 quae
1545 1164 1678 1206 inter-

135 1237 285 1280 mediae
323 1234 673 1289 quandoquidem
709 1235 963 1288 adpareant.
1023 1234 1091 1275 Ita
1122 1234 1165 1275 in
1195 1233 1441 1287 Grijfithse'a
1473 1232 1679 1274 corallina

135 1305 289 1360 (Ham).
323 1304 450 1357 Phye.
482 1303 563 1344 Br.
595 1304 674 1344 tab.
705 1304 812 1357 214)
843 1302 1019 1344 articuli
1050 1301 1242 1355 elliptici,
1275 1299 1399 1341 modo
1422 1299 1508 1341 fere
1530 1298 1677 1352 Opun-

136 1374 220 1425 tiae,
252 1371 511 1427 superpositi
542 1370 764 1422 videntur;
795 1370 851 1411 ad
882 1384 1099 1412 ramorum
1130 1369 1272 1422 apices
1303 1367 1508 1408 articulos
1530 1381 1677 1420 supre-

135 1456 226 1483 mos
271 1441 417 1482 videas
454 1439 577 1481 initio
608 1438 865 1493 perpusillos
896 1442 939 1480 et
969 1438 1092 1491 quasi
1124 1437 1272 1490 stipite
1302 1435 1495 1477 tenuiore
1527 1434 1582 1475 ab
1614 1434 1677 1474 in-

134 1508 290 1550 feriore
321 1506 504 1550 articulo
535 1507 845 1560 provenientes.
905 1505 993 1547 Nec
1024 1505 1173 1558 igitur,
1205 1503 1328 1545 modo
1360 1502 1572 1555 Confervce
1589 1502 1676 1554 9Ζο-

133 1580 314 1628 meram,
348 1575 557 1617 divisione
589 1574 755 1617 cellulae
783 1574 873 1627 jam
904 1572 1084 1615 evolutae
1115 1572 1323 1612 formatos
1354 1569 1569 1619 crederes3
1601 1582 1675 1621 po-

135 1644 222 1686 tius
266 1642 576 1685 ramificatione
622 1641 916 1683 membranam
949 1640 1003 1681 ab
1036 1640 1155 1694 apice
1185 1642 1228 1680 et
1261 1638 1382 1679 unico
1414 1637 1506 1678 loco
1537 1635 1677 1689 magis

134 1711 457 1765 circumscripto
489 1713 711 1752 extensam
741 1709 872 1751 fuisse
904 1709 1154 1762 suspicares.
1207 1706 1250 1748 Si
1275 1720 1372 1747 vero
1395 1718 1537 1745 ramos
1554 1704 1675 1757 juve-

134 1778 240 1820 niles
271 1781 314 1819 et
345 1778 631 1818 increscentes
676 1775 982 1825 observaveris,
1021 1776 1252 1827 augmento
1289 1772 1485 1813 adhibito
1516 1769 1674 1812 suffici-

134 1849 245 1896 ente,
291 1845 454 1887 videbis
496 1845 612 1886 intra
642 1843 849 1885 articulos
880 1856 1100 1896 supremos
1132 1855 1287 1882 novum
1319 1838 1553 1881 articulum
1584 1837 1675 1878 dia-

133 1913 392 1967 phragmate
435 1911 641 1953 interiore
688 1914 937 1964 separatum
982 1912 1111 1950 antea
1147 1921 1277 1961 quam
1307 1910 1484 1948 externe
1514 1905 1674 1959 promi-

134 1983 248 2030 neat,
279 1982 322 2020 et
353 1978 430 2020 sub
461 1978 599 2019 forma
630 1977 719 2019 fere
750 1976 878 2018 lentis
909 1975 1184 2017 minutissimi
1204 1973 1319 2015 infra
1340 1973 1503 2026 apicem
1525 1975 1674 2013 rotun-

135 2047 284 2089 datum
314 2049 519 2088 maternae
550 2044 715 2087 cellulae
747 2047 966 2097 receptum
997 2043 1097 2096 (Ay.
1134 2043 1228 2084 Ταῦ.
1252 2041 1376 2094 Lfiy.
1399 2042 1472 2095 10)
1489 2040 1544 2094 Ὅ.
1581 2039 1674 2080 Ori-

134 2118 206 2156 tur
251 2115 386 2168 igitur
430 2128 540 2155 nova
585 2113 741 2155 cellula
788 2112 1008 2162 divisione,
1041 2115 1087 2152 at
1118 2111 1240 2152 initio
1271 2110 1475 2163 exiguam
1506 2112 1674 2162 partem

133 2187 340 2225 maternae
371 2181 538 2224 cellulae
569 2182 856 2232 constituens3
894 2186 936 2222 et
973 2194 1068 2233 quae
1100 2180 1182 2220 fuit
1211 2179 1337 2220 initio
1368 2178 1485 2218 intra
1514 2179 1674 2217 mater-

134 2264 235 2292 num
280 2249 425 2290 alvum
469 2248 700 2297 occultata,
747 2248 902 2289 sensim
948 2247 1189 2298 sensimque
1234 2248 1359 2286 extra
1405 2241 1673 2296 superficiem

134 2319 339 2357 maternae
384 2315 550 2358 cellulae
588 2315 712 2368 quasi
743 2315 916 2367 proprio
947 2316 1084 2354 marte
1116 2312 1298 2365 emergit
1314 2310 1390 2365 Η).
1453 2308 1674 2349 Adcrescit

135 2383 198 2424 ita
228 2382 364 2435 magis
394 2382 449 2423 ad
480 2396 671 2423 normam
703 2381 970 2434 geminarum
1000 2378 1268 2428 cellularum,
1300 2376 1457 2430 quibus
1478 2375 1522 2416 in
1545 2373 1673 2415 Cera-

136 2450 231 2491 miis
276 2449 507 2490 dichotomi
542 2448 653 2490 rami
684 2450 930 2488 nascuntur.
991 2445 1078 2486 Nec
1108 2445 1162 2485 ab
1193 2444 1272 2485 hoc
1302 2443 1555 2484 cellularum
1587 2440 1672 2482 for-

135 2517 335 2559 mationis
378 2516 504 2557 modo
549 2515 778 2557 admodum
809 2513 1007 2555 recedere
1037 2513 1141 2553 mihi
1172 2512 1342 2553 videtur
1374 2525 1436 2561 ea,
1469 2524 1598 2563 quam
1630 2510 1672 2550 in

226 2645 259 2689 *)
286 2645 344 2678 Ita
380 2654 527 2687 quoque
563 2653 642 2676 rem
673 2641 895 2686 jamdudum
933 2639 1152 2676 observavit
1189 2637 1335 2682 Naegeli
1375 2635 1565 2679 (Zeitschr.
1597 2634 1672 2676 fur

141 2701 248 2737 Wiss.
275 2701 358 2737 Bot.
386 2699 468 2734 III.
490 2711 529 2744 p.
555 2700 630 2741 49).

226 2758 283 2802 **)
310 2758 351 2791 In
388 2756 519 2791 eadem
562 2755 782 2799 Grz‘ffithsc‘a
818 2755 999 2789 corallina
1032 2754 1161 2788 videre
1187 2751 1333 2787 credidi
1360 2751 1524 2785 ramulos
1551 2750 1670 2784 minu-

135 2813 303 2848 tissimos
328 2812 579 2847 involucrales
607 2811 876 2845 ramificatione
895 2810 1004 2852 oriri3
1031 2808 1319 2854 gemmidiorum
1338 2810 1462 2841 autem
1481 2811 1670 2841 maternas

135 2870 291 2905 cellulas
317 2869 444 2904 forsan
469 2868 654 2902 divisione
683 2872 788 2901 natas
814 2866 901 2911 (Ay.
932 2867 1016 2900 Tul).
1048 2866 1075 2899 Ι.
1096 2868 1161 2909 jiy.
1192 2869 1267 2909 12).
