1937 3315
1552 158 1626 200 139

96 275 362 329 fluentibus),
405 290 498 328 quae
530 278 674 328 partes
706 274 966 326 adparentcr
998 272 1330 326 granuliformes
1362 271 1404 312 in
1436 271 1627 312 antheri-

96 344 164 385 dio
196 359 221 384 a
254 343 358 384 facie
390 347 613 396 conspecto
645 342 924 383 constituant.
988 340 1155 381 Axilem
1189 339 1342 381 seriem
1375 338 1626 380 cellularum

97 425 267 463 quoque
300 411 501 452 viderunt
533 410 695 452 Derbes
726 414 768 451 et
800 409 935 450 solim·
965 409 1084 461 (Tul).
1118 408 1332 461 XXLJJJJ.
1357 410 1418 460 1),·
1449 406 1628 449 cellulas

96 484 240 521 autem
286 480 468 533 majores
514 484 557 521 et
603 479 822 532 pauciores
866 478 1099 531 pinxerunt
1136 491 1266 528 quam
1305 490 1376 517 eas
1406 476 1495 529 ipse
1529 475 1627 516 vidi.

99 548 185 587 Iloc
233 552 350 588 statu
396 562 563 600 quoque
600 547 851 587 membrana
883 544 1109 598 pellucida,
1142 559 1225 597 qua
1257 544 1444 597 cingitur
1476 543 1627 584 anthe-

97 615 265 658 ridium.
315 615 544 656 admodum
591 615 819 667 conspicua
856 614 950 654 fuit.
1011 613 1074 653 Ex
1107 613 1401 654 observatione
1434 611 1628 653 Thuretii

96 684 261 725 cellula¹
294 683 493 738 liyalinae,
525 683 680 735 quibus
702 682 972 735 componitur
995 681 1285 722 antheridium
1304 680 1627 734 l'olysi1›lioliia=,

96 752 138 791 in
176 751 407 792 massulam
445 753 710 803 compactam
749 754 955 790 concretae
988 751 1129 789 essent
1161 749 1275 789 circa
1306 763 1430 790 axem
1462 747 1628 789 cellulis

95 819 307 872 elongatis
339 818 619 872 superpositis
650 820 937 865 constantem,
971 816 1220 857 membrana
1251 816 1427 868 hyalina
1458 842 1499 845 —
1528 830 1628 857 vcra

94 886 282 927 cuticula
314 911 363 915 —
398 890 533 927 totum
560 884 854 925 antheridium
885 897 972 923 una
1004 897 1097 923 cum
1130 883 1338 935 pedicello
1372 883 1627 929 involvente,

94 967 262 1006 quoque
296 953 480 994 cinctum
512 956 634 993 esset.
682 951 731 992 In
764 950 1022 1003 quibusdam
1055 951 1288 1003 speciebus,
1322 965 1504 1003 quarum
1536 951 1629 991 axis

94 1021 273 1062 interior
305 1035 438 1072 usque
470 1020 525 1061 ad
557 1020 721 1072 apicem
752 1018 988 1059 antheridii
1020 1033 1102 1059 non
1135 1017 1455 1067 extenderetur,
1478 1018 1628 1058 anthe-

96 1088 205 1129 ridia
251 1092 352 1129 sunt
397 1088 516 1141 apice
563 1086 988 1136 obtuso-rotumam,
1028 1086 1071 1126 in
1104 1085 1202 1126 aliis
1233 1088 1333 1126 sunt
1364 1089 1627 1134 mucronata,

94 1157 166 1197 axi
211 1156 255 1198 in
300 1156 437 1210 pilum
484 1155 709 1197 terminale
756 1154 1105 1208 quandoquidem
1137 1153 1345 1208 producto
1377 1153 1525 1206 (Antle.
1557 1153 1629 1193 des

95 1224 237 1278 Cryffl‘.
260 1238 306 1277 p.
339 1225 424 1278 64).

206 1292 256 1333 In
288 1291 386 1332 aliis
418 1291 628 1333 Florideis
657 1291 903 1332 antheridia
934 1294 1026 1332 sunl
1064 1291 1115 1331 iis
1146 1289 1458 1343 Polysiphoniae
1487 1289 1630 1342 quoad

95 1363 359 1401 structuram
403 1360 608 1412 analoga3
656 1359 863 1401 differunt
908 1373 1008 1400 vero
1045 1358 1196 1409 forma,
1228 1358 1318 1400 loeo
1350 1357 1515 1399 frondis
1547 1372 1629 1410 quo

94 1427 340 1475 obveniant,
373 1431 416 1468 et
448 1426 592 1468 forsan
623 1427 882 1480 quibusdam
915 1430 1142 1468 structurae
1166 1425 1503 1477 diversitatibus,
1523 1440 1630 1480 quas

94 1499 237 1536 tamen
269 1495 445 1536 minoris
476 1495 679 1536 momenti
710 1494 896 1545 credere,
928 1494 993 1535 fas
1025 1497 1101 1535 est.

207 1563 256 1604 In
288 1563 542 1616 Rytiplelcea,
575 1577 668 1615 quae
700 1563 812 1604 omni
845 1563 929 1604 alio
960 1566 1158 1616 respectu
1190 1561 1500 1616 Polysiphoniae
1532 1576 1628 1614 pro-

94 1631 210 1673 xima
254 1630 466 1680 videatur,
505 1630 751 1671 antheridia
787 1630 994 1683 adspectu
1026 1629 1244 1670 differunt.
1304 1629 1355 1669 In
1387 1628 1630 1681 Rytassphlcea

85 1699 357 1752 pinasz‘rm'de
399 1698 487 1751 jam
528 1713 553 1739 a
589 1698 806 1740 Grevilleo
838 1698 956 1751 (Aly.
987 1698 1066 1738 ΒΓ.
1092 1712 1137 1749 J).
1168 1699 1268 1751 105)
1313 1697 1628 1746 describuntur,

95 1766 279 1820 hyemali
319 1770 508 1819 tempore
548 1766 602 1806 ad
634 1780 775 1806 ramos
807 1765 1047 1818 superiores
1078 1765 1360 1808 obvenientia,
1394 1768 1436 1805 et
1467 1764 1520 1805 ob
1553 1778 1628 1804 nu-

94 1848 258 1874 merum
289 1834 506 1887 ingentem
540 1833 707 1874 facilius
739 1833 989 1886 conspicua3
1021 1831 1257 1884 eademque
1289 1831 1539 1886 perpusilla,
1562 1845 1628 1872 ro-

96 1901 293 1951 tundata,
342 1901 459 1942 brevi
504 1901 714 1954 pedicello
747 1900 891 1951 affixa,
924 1899 1210 1941 fasciculatim
1242 1903 1445 1953 congesta
1476 1913 1628 1952 corpu-

96 1969 214 2010 scula
254 1969 520 2018 latescentia,
564 1967 976 2021 spermatocystidiis
1007 1967 1357 2021 Jungermanniae
1390 1966 1630 2007 subsimilia

95 2036 223 2087 dixit3
255 2036 415 2089 plantae
448 2049 544 2076 vero
577 2050 657 2076 non
689 2035 966 2089 pertinentia,
998 2034 1071 2076 sed
1103 2034 1302 2075 animalis
1334 2034 1515 2088 originis
1538 2048 1629 2074 cre-

95 2104 219 2145 didit.
265 2103 352 2145 Nec
383 2119 435 2145 ex
468 2103 605 2154 modo,
638 2118 720 2157 quo
752 2104 868 2157 apud
890 2103 1048 2145 Derhes
1070 2107 1107 2144 et
1127 2104 1262 2145 &oller
1275 2118 1321 2155 2).
1345 2107 1398 2144 '74
1410 2104 1473 2155 pl.
1499 2103 1627 2143 XXI.

83 2174 158 2226 fig).
190 2177 301 2214 3—-7
346 2173 434 2213 haec
481 2172 784 2214 describuntur
815 2176 858 2214 et
890 2173 1197 2225 depinguntur,
1231 2172 1489 2213 sententiam
1522 2171 1628 2211 Gre-

96 2241 210 2282 villei
243 2241 295 2282 (le
327 2241 492 2294 origine
525 2241 667 2282 aliena
699 2241 903 2282 absonam
936 2243 1079 2282 forsan
1111 2241 1395 2281 existimares.
1443 2239 1499 2280 Ut
1531 2254 1629 2279 vero

96 2309 183 2361 ipse
230 2308 378 2349 eadem
425 2308 524 2357 vidi,
570 2309 641 2350 vix
686 2312 944 2360 argumenta
981 2308 1176 2360 quaedam
1208 2308 1251 2348 in
1284 2308 1469 2348 favorem
1503 2307 1629 2359 hujus

96 2375 306 2428 opinionis
353 2374 552 2427 colligere
590 2375 702 2415 licet.
764 2375 922 2416 Eadem
957 2375 1010 2415 ad
1042 2389 1183 2416 ramos
1215 2390 1359 2416 omnes
1391 2374 1628 2427 superiores

96 2446 220 2483 tanta
252 2442 374 2494 copia
404 2446 447 2482 et
478 2457 525 2483 eo
557 2442 706 2483 ordine
737 2443 1032 2495 provenientia
1065 2443 1302 2492 observavi,
1335 2447 1384 2482 ut
1405 2443 1494 2496 jam
1518 2442 1627 2482 hanc

97 2510 149 2550 ob
194 2523 283 2550 rem
323 2509 392 2549 vix
424 2508 565 2549 aliena
598 2513 808 2561 putarem.
868 2509 1010 2549 Primo
1042 2509 1203 2549 intuitu
1234 2509 1459 2550 fasciculos
1490 2510 1627 2549 minu-

96 2580 175 2626 tos,
223 2575 486 2629 corpusculis
517 2575 762 2616 rotundatis
794 2579 869 2616 aut
901 2575 1094 2616 ovalibus
1126 2576 1255 2617 dense
1288 2576 1499 2627 congestis
1530 2591 1627 2616 con-

98 2645 271 2685 stitutos
310 2643 522 2687 crederes:
569 2644 815 2684 accuratius
847 2644 1038 2697 inspecta
1070 2644 1323 2697 corpuscula.
1356 2644 1519 2685 videbis
1550 2645 1626 2685 mi-

98 2712 190 2752 nori
222 2711 402 2761 ramulo,
441 2726 466 2751 a
497 2711 646 2764 planta
677 2713 862 2761 exeunti,
895 2713 1027 2753 affixa
1057 2713 1156 2765 (Ay.
1188 2714 1266 2754 tab.
1303 2713 1530 2753 XXXIII.
1550 2715 1624 2766 fif).

96 2784 154 2821 :24
184 2781 240 2821 acl
270 2781 328 2834 a).
389 2780 432 2819 Si
478 2780 684 2833 ejusmodi
722 2780 934 2822 ramulum
972 2781 1305 2834 depreheiuleris
1343 2782 1625 2831 inchoantem,

97 2847 242 2889 videas
280 2847 617 2889 antheridiorum
651 2848 789 2901 prima
820 2848 943 2890 initia
975 2853 1022 2889 ut
1053 2849 1391 2890 continuationes
1422 2849 1626 2892 laterales
