1937 3315
238 192 290 231 70

237 301 369 342 riodis
402 301 575 341 mutari.
636 298 685 338 In
717 297 869 350 planta
896 296 1078 350 juvenili
1110 297 1396 339 endochroma
1431 298 1685 340 cellularum
1717 294 1781 334 in-

238 368 535 409 terstitialium
569 365 860 418 ‹plalitatibns
882 364 1237 418 protoplasmatis
1260 367 1396 419 magis
1419 363 1779 420 adpropinquari3

238 436 281 476 in
328 434 543 475 adultiore
590 433 742 486 planta
786 432 898 473 idem
946 432 1234 473 endochroma
1267 434 1496 488 amylaceis
1529 432 1782 474 substantiis

239 506 404 542 scatere
449 501 669 554 adparuit.
731 498 908 541 Cellulae
946 500 1143 553 majores,
1182 501 1216 541 si
1248 503 1326 542 sub
1358 516 1443 543 una
1475 501 1651 555 periodo
1684 514 1782 553 gra-

239 569 350 610 nulis
382 568 615 622 amylaceis
647 568 732 609 sint
764 567 962 620 impletae,
988 568 1066 608 sub
1090 568 1230 609 altera
1253 570 1451 621 partibus
1475 569 1669 610 nutritiis
1686 582 1782 608 con-

239 636 404 685 sumtis,
442 650 587 676 vacuae
620 635 859 688 adpareant
892 640 968 676 aut
1000 636 1194 677 tenuiore
1228 640 1398 677 tantum
1430 636 1784 690 protoplasmatis

240 708 378 745 strato
411 704 625 755 obductae3
672 718 756 756 quo
789 704 1018 745 inducente
1051 705 1148 746 dein
1181 719 1297 746 1101111)Γ
1329 710 1477 759 partes
1509 706 1654 747 forsan
1686 719 1782 745 nas-

240 775 395 813 cantur
437 776 513 812 aut
544 776 894 813 transmutentur
921 773 1010 825 jam
1043 772 1238 814 formatae
1315 774 1373 815 Ut
1405 775 1516 815 enim
1548 775 1591 815 in
1622 773 1784 827 plantis

241 840 532 894 superioribus
550 839 783 893 adjuvante
807 839 1052 880 substantia
1075 841 1263 893 quadam
1286 843 1454 883 azotica
1475 845 1621 895 partes
1643 844 1784 881 trans-

240 907 403 948 mutari
450 907 688 954 didicimus,
736 921 874 948 nonne
921 907 1094 948 credere
1141 907 1241 949 licet
1288 923 1455 962 quoque
1499 911 1543 950 in
1574 908 1785 949 Florideis

241 976 447 1029 analogas
493 974 587 1016 fieri
634 975 978 1028 permutationes
1016 976 1059 1016 in
1099 979 1303 1017 contentu
1336 977 1514 1027 cellulze,
1547 980 1676 1030 prout
1707 976 1785 1016 sub

241 1044 421 1085 diversis
467 1044 565 1084 vitae
612 1043 764 1084 stadiis
810 1046 886 1083 aut
926 1044 1133 1084 nutritias
1165 1049 1311 1097 partes
1343 1048 1587 1086 reservatas
1620 1058 1786 1086 conser-

242 1114 347 1163 vari,
381 1117 456 1153 aut
489 1113 544 1153 ad
576 1127 706 1154 novas
738 1117 884 1165 partes
916 1113 1119 1165 adaptari
1152 1127 1257 1166 opus
1289 1114 1356 1154 sit.

355 1184 455 1230 Quae
487 1182 549 1222 ita
581 1194 796 1221 assumere
829 1194 958 1221 ausus
991 1195 1096 1230 sunr
1120 1195 1170 1222 ea
1188 1181 1335 1221 multis
1358 1181 1455 1221 aliis
1477 1180 1787 1222 observationi-

243 1250 321 1291 bus
344 1248 586 1290 confirmari
610 1251 726 1300 puto.
762 1247 811 1288 In
833 1248 1108 1299 Kalljsmenia
1132 1248 1400 1301 cystocarpia
1422 1248 1564 1289 frondi
1585 1248 1786 1288 immersa

243 1316 512 1366 nidulantur7
559 1319 601 1356 et
648 1314 819 1356 nucleos
859 1329 883 1355 (1
922 1315 1005 1355 filis
1037 1315 1199 1356 frondis
1232 1316 1508 1356 interioribus
1540 1316 1676 1368 magis
1708 1315 1787 1354 im-

244 1385 431 1425 mediate
470 1383 772 1425 transformari
814 1382 1012 1435 adparet.
1073 1381 1122 1422 In
1154 1382 1305 1434 planta
1335 1383 1474 1423 sterili
1506 1382 1788 1436 Kallymeniae

244 1453 333 1493 11111(-
381 1451 455 1492 fila
501 1451 711 1491 interiora
757 1449 902 1490 fovent
947 1449 1247 1498 endochroma,
1289 1449 1402 1502 quod
1439 1449 1557 1502 jodio
1591 1449 1789 1502 adposito

245 1521 398 1560 eximie
431 1519 723 1560 coerulescere
756 1517 862 1563 vidi;
906 1517 1018 1556 idem
1052 1531 1150 1557 vero
1182 1517 1224 1557 in
1246 1518 1392 1569 fertili
1423 1517 1574 1570 planta
1606 1517 1789 1559 colorem

245 1601 463 1628 assumere
510 1585 734 1626 observavi
782 1583 1245 1637 luteo-pallescentem,
1287 1599 1413 1637 quem
1444 1585 1487 1625 in
1521 1584 1687 1626 cellulis
1721 1599 1789 1625 ac-

245 1654 536 1696 crescentibus
582 1657 624 1693 et
672 1666 802 1694 novas
848 1652 1138 1693 formantibus
1177 1666 1356 1705 semper,
1390 1652 1432 1692 ni
1465 1652 1607 1703 fallor,
1640 1651 1790 1705 depre-

245 1722 486 1765 hendimus.
531 1720 774 1762 Geminidia
806 1723 965 1770 autem,
998 1734 1092 1772 quae
1125 1719 1273 1761 nucleo
1304 1720 1392 1774 jam
1424 1719 1540 1760 facto
1573 1720 1792 1761 continen-

246 1795 331 1841 tur,
364 1792 474 1832 fiunt
506 1789 625 1843 ‚jodio
663 1788 1013 1829 coerulescentia.
1077 1788 1126 1828 In
1158 1787 1335 1840 Dasyav
1366 1787 1600 1840 speciebus,
1635 1787 1792 1839 quibus

247 1862 347 1900 sunt
393 1862 436 1899 et
474 1856 675 1898 sticliidia
707 1860 749 1897 et
780 1855 1051 1909 cyst(›‹1·arpia
1096 1855 1269 1895 facilius
1315 1855 1597 1902 observanda,
1644 1859 1792 1908 partes

248 1930 450 1967 externas
482 1925 701 1965 fructuum
736 1923 995 1963 lutescentes
1022 1921 1154 1974 jodio7
1187 1936 1336 1975 speras
1369 1929 1411 1963 et
1444 1922 1676 1975 gemmidia
1698 1936 1792 1963 coe-

248 1993 510 2035 rulescentia
543 1991 718 2032 videbis.
780 1991 942 2031 Revera
977 1990 1089 2030 idem
1122 1989 1380 2043 ubicumque
1412 1990 1454 2030 in
1488 1990 1698 2030 Florideis
1719 1989 1793 2030 ob-

249 2060 434 2102 servavi:
468 2073 616 2113 sporas
649 2062 692 2100 et
724 2057 968 2111 gemmidia,
1003 2072 1097 2110 quae
1130 2057 1207 2098 sub
1240 2058 1380 2111 prima
1410 2058 1584 2111 periodo
1615 2082 1671 2087 ——
1692 2057 1793 2098 dum

251 2143 358 2170 nova
390 2128 483 2169 loca
515 2126 772 2168 evolutionis
804 2126 1078 2179 quasiverint
1103 2150 1167 2176 —‚
1201 2140 1226 2165 a
1258 2125 1480 2167 laboribus
1503 2127 1600 2166 vitzcr
1624 2126 1793 2177 requie—

251 2210 368 2237 scere
414 2195 629 2245 videntur,
670 2194 788 2247 jodio
835 2209 1001 2247 semper
1048 2193 1338 2235 coerulescere
1385 2194 1638 2247 adpareant.
1697 2193 1790 2234 Cel-

252 2264 349 2306 lulae
395 2266 541 2304 autem
583 2262 867 2316 placentares‚
901 2276 1085 2315 quarum
1116 2263 1159 2302 in
1191 2262 1309 2303 novis
1340 2261 1506 2302 cellulis
1538 2261 1795 2313 generandis

252 2333 453 2374 continuo
500 2334 699 2372 versatur
744 2330 880 2380 labor,
926 2330 1071 2371 fovent
1117 2328 1403 2370 endochroma
1451 2328 1564 2381 quod
1597 2332 1673 2368 aut
1706 2328 1795 2380 gri-

253 2415 370 2442 seum
401 2402 478 2439 aut
509 2398 733 2452 pallidum,
767 2413 877 2439 nunc
909 2412 1087 2438 aureum
1120 2396 1186 2438 vel
1218 2396 1469 2445 susc-eseens,
1505 2396 1603 2436 vidi.

368 2466 487 2507 Infra
536 2466 834 2506 demonstrare
881 2466 1068 2506 conabor
1100 2464 1183 2505 duo
1215 2478 1305 2505 esse
1336 2466 1574 2517 systemata
1605 2463 1793 2515 partium

254 2535 449 2576 frondem
495 2533 795 2574 Floridearum
841 2533 1210 2583 constituentium,
1249 2545 1431 2584 quorum
1465 2545 1594 2572 unum
1628 2544 1793 2571 sursum

255 2602 480 2649 adcrescit,
528 2601 716 2641 alterum
762 2601 979 2645 deorsum:
1027 2600 1154 2653 hujus
1201 2599 1342 2640 ultimi
1389 2598 1600 2639 elementa
1640 2597 1794 2649 saepius

257 2675 455 2713 constare
500 2670 582 2711 iilis
628 2669 1005 2723 hyphaeformibus,
1039 2682 1133 2721 quae
1166 2682 1275 2720 szepe
1308 2671 1407 2708 sunt
1439 2665 1720 2707 inarticulata
1752 2670 1794 2705 et

257 2739 300 2779 in
332 2738 473 2779 canali
506 2737 812 2791 angustissimo
844 2736 1046 2776 interiore
1078 2737 1347 2789 pigmentum
1379 2734 1525 2774 fovent
1556 2732 1794 2773 sub-sordi-

258 2806 374 2855 dum,
420 2806 534 2859 quod
576 2805 693 2859 jodio
732 2805 801 2845 vix
833 2805 993 2844 mutari
1026 2804 1261 2844 observavi.
1323 2802 1454 2855 Cujus
1486 2805 1687 2842 caeterum
1720 2816 1794 2841 na-

259 2877 367 2913 turae
412 2875 466 2913 sit
514 2874 604 2924 hoc,
650 2874 814 2926 ignoro.
877 2871 918 2912 Si
958 2872 1011 2912 ad
1045 2876 1227 2926 systema
1261 2869 1452 2911 radicale
1484 2868 1669 2919 quodam
1695 2868 1794 2921 Jure
