1937 3315
251 216 303 253 (343

250 328 361 377 lulae,
409 340 536 379 quam
584 323 810 365 coalitione
856 323 1138 376 granulorum
1176 322 1388 377 majorum
1426 323 1624 376 formata,
1659 325 1794 379 conji-

251 408 402 436 cerem.

364 461 540 503 (sellulae
587 461 814 501 interiores
850 461 894 501 in
929 460 982 501 iis
1020 460 1244 511 Florideis‚
1276 475 1460 515 quarum
1491 461 1664 504 frondes
1694 463 1795 517 plu-

249 531 370 572 ribus
409 529 558 570 stratis
590 529 769 570 (liversis
801 532 1126 583 componuntur,
1160 544 1243 571 non
1274 533 1447 572 tantum
1479 530 1534 572 ab
1567 532 1792 573 exteriori-

252 599 328 639 bus
361 612 434 638 suo
467 600 671 637 contentu
703 596 921 647 differunt,
956 596 1029 637 sed
1060 597 1191 638 etiam
1223 598 1325 651 ipsae
1357 597 1528 639 diversa
1558 602 1685 640 aetate
1717 602 1795 640 aut

251 665 429 706 (liversis
461 664 728 717 temporibus
750 664 971 706 diversum
994 668 1244 706 contentum
1265 665 1408 706 fovere
1432 665 1646 706 videntur.
1685 664 1795 707 Sunt

253 731 461 773 Florideae
508 745 692 784 quarum
729 731 902 773 frondes
933 746 1018 773 una
1050 747 1146 773 cum
1177 736 1346 774 mutato
1378 735 1582 774 contentu
1614 731 1794 774 cellula-

251 813 347 839 rum
379 802 518 840 totum
551 813 720 852 quoque
751 799 1003 853 adspectum
1035 803 1220 841 mutant.
1273 799 1342 841 Ita.
1373 801 1417 841 in
1439 800 1660 853 speciebus
1681 801 1798 842 Gra-

249 868 423 917 (ηἸανίᾱ),
461 867 776 918 Ezwleeuouatv's,
815 868 1064 908 Lau-renem
1096 867 1381 921 aliarumque,
1413 867 1564 921 planta
1590 868 1798 922 juvenilis

249 935 391 975 laetius
423 934 628 985 colorata,
660 933 830 975 mollior
861 938 903 974 et
936 935 1058 987 quasi
1089 935 1229 988 magis
1261 949 1461 985 carnosa3
1508 935 1798 977 exsiccatione

250 1002 298 1042 fit
329 1002 419 1042 haec
448 1001 536 1043 fere
559 1001 889 1043 membranacea
911 1005 954 1043 et
976 1015 1086 1055 saepe
1108 1001 1318 1055 collapsa3
1350 1002 1499 1044 eadem
1523 1016 1622 1044 vero
1643 1002 1797 1056 planta

249 1070 440 1111 adultior
485 1070 811 1111 consistentiam
857 1070 920 1110 ita
958 1072 1100 1110 mutat
1131 1073 1180 1110 ut
1211 1070 1497 1111 exsiccatione
1529 1069 1800 1121 duriuscula⁷

248 1152 359 1179 nunc
391 1138 678 1191 cartilaginea
711 1137 934 1191 adpareat.
995 1137 1045 1178 In
1076 1138 1142 1178 his
1174 1137 1476 1190 speciminibus
1507 1138 1800 1179 adultioribus

251 1219 360 1258 szepe
407 1206 555 1246 farctae
602 1209 702 1246 sunt
748 1205 916 1247 cellulae
963 1206 1190 1247 interiores
1227 1205 1443 1259 granulis3
1477 1209 1519 1246 et
1550 1206 1668 1246 tenui
1702 1220 1798 1259 seg·

250 1277 394 1314 mento
433 1272 547 1313 facto
581 1272 727 1314 videas
759 1273 943 1326 granula
976 1287 1109 1326 supra
1141 1272 1324 1314 vitream
1356 1272 1561 1313 laminam
1595 1272 1798 1323 diffundi7

249 1341 451 1395 plurima,
483 1341 735 1392 rotundata,
768 1342 948 1382 invicem
980 1341 1130 1390 libera,
1165 1341 1361 1395 adposito
1384 1341 1504 1393 jodio
1526 1341 1680 1382 eximie
1702 1355 1799 1382 coe-

252 1409 650 1463 1·ulescentia(l1inc
668 1409 977 1464 aiiiylacea)'‘²²).
1011 1409 1059 1450 In
1083 1409 1248 1450 cellulis
1270 1408 1548 1449 corticalibus
1571 1412 1798 1450 contentus

246 1477 364 1531 jodio
411 1477 606 1530 adposito
652 1477 702 1517 fit
747 1481 823 1518 aut
867 1477 1030 1530 pallide
1079 1477 1294 1518 lutescens
1331 1477 1374 1516 in
1409 1475 1687 1528 juvenilibus,
1720 1479 1797 1517 aut

251 1558 362 1598 saepe
394 1545 615 1586 obscurius
647 1544 848 1586 fuscescit
880 1545 922 1585 in
957 1544 1260 1585 adultioribus.

366 1612 408 1653 si
441 1612 638 1665 pluribus
670 1612 850 1653 diversis
882 1612 1032 1653 stratis
1056 1612 1333 1660 interioribus
1356 1615 1523 1653 constat
1545 1612 1674 1662 frons,
1697 1625 1799 1652 con-

250 1683 395 1721 tentus
442 1679 699 1720 cellularum
744 1680 788 1720 in
827 1680 1008 1720 diversis
1040 1680 1192 1720 stratis
1224 1693 1393 1732 quoque
1425 1679 1537 1720 alius
1568 1679 1795 1732 adpareat.

249 1747 299 1788 In
332 1748 668 1799 Cleosrich-{opsisle
698 1761 971 1799 onacroccmpa
1004 1747 1244 1801 (Chondria
1273 1760 1549 1799 macroearpa
1570 1747 1703 1788 Harv.
1722 1746 1768 1787 F
1770 1747 1799 1787 l,

252 1817 355 1857 Non.
388 1817 472 1857 Zel.
497 1830 542 1867 p.
575 1817 690 1865 223)
738 1816 868 1857 sectio
912 1815 1217 1857 transversalis
1255 1815 1381 1856 offert
1420 1814 1598 1856 cellulas
1629 1814 1797 1868 (sipho-

250 1885 345 1938 nes)
378 1886 401 1924 ἱ)
432 1885 631 1936 majores⁷
664 1885 708 1923 in
740 1883 887 1924 orbem
919 1884 1034 1923 circa
1065 1882 1302 1923 centralem
1325 1883 1477 1935 saepius
1501 1882 1794 1935 angustiorem

341 2009 374 2053 ²³²)
401 2010 455 2042 De
494 2009 664 2053 granulis
698 2008 899 2053 amylaceis
931 2007 1193 2041 Floridearum
1220 2007 1387 2052 propriae
1415 2008 1587 2051 quaedam
1615 2010 1704 2041 sunt
1729 2008 1790 2041 ob·

250 2066 486 2100 servationes
527 2077 546 2098 a
584 2068 667 2099 Cat.
699 2066 749 2099 M.
784 2076 855 2100 VAN
888 2064 1053 2098 Tmmffim
1087 2064 1141 2106 (in
1173 2066 1273 2099 Ami.
1307 2065 1362 2099 Sc.
1396 2064 1487 2099 Nat.
1521 2067 1617 2100 1865
1635 2075 1678 2108 p.
1707 2065 1799 2108 315)

248 2122 391 2166 publici
416 2123 512 2166 juris
539 2122 667 2164 factae3
701 2133 772 2165 quo
798 2122 879 2156 loco
906 2132 1052 2165 quoque
1078 2120 1207 2155 formae
1235 2121 1411 2161 diversae,
1439 2133 1530 2165 quas
1559 2121 1796 2164 observavit,

250 2179 534 2213 describuntur.
585 2179 754 2222 Agnovit
790 2181 911 2213 totum
949 2181 1171 2213 contentum
1198 2178 1443 2223 granulosum
1471 2178 1620 2212 cellulae
1648 2178 1686 2211 in
1713 2177 1794 2221 qui-

249 2237 406 2271 busdam
446 2236 634 2271 contineri
672 2236 946 2279 membranula,
974 2236 1112 2270 areolis
1140 2235 1390 2270 circularibus
1418 2238 1482 2268 aut
1507 2235 1708 2279 polygonis
1734 2246 1793 2268 re-

249 2293 420 2337 ticulata,
447 2305 530 2336 quae
558 2292 732 2337 adposito
758 2292 864 2327 acido
891 2292 1111 2336 sulphurico
1138 2292 1306 2333 lutescst,
1333 2293 1420 2325 dum
1448 2292 1610 2335 granula
1627 2291 1793 2325 colorem

248 2349 459 2389 violaceum
486 2349 709 2383 induuntur.
759 2349 925 2383 Granula
950 2361 1025 2382 11011
1052 2348 1091 2382 in
1117 2348 1205 2381 axili
1235 2348 1393 2392 siphone
1420 2347 1701 2391 Polysiphoniae
1728 2349 1793 2382 ob·

248 2407 391 2449 venire,
431 2418 579 2450 quoque
618 2406 814 2440 indicavit.
864 2406 970 2449 Quod
1007 2405 1061 2440 ita
1097 2406 1316 2440 observavit
1348 2416 1431 2439 cum
1459 2404 1602 2439 nostris
1629 2405 1794 2449 plurima

249 2476 417 2511 congrua
456 2464 546 2498 vidi.
594 2464 895 2498 Membranulam
932 2463 1138 2497 indicatam
1175 2454 1476 2507 protoplasmate
1508 2465 1683 2496 constare
1710 2473 1792 2495 cre-

249 2521 341 2563 didi,
381 2532 454 2564 qua
491 2520 788 2554 endochromata
818 2519 1039 2553 cellularum
1063 2518 1290 2563 juvenilium
1316 2518 1395 2552 fere
1422 2520 1503 2552 tota
1528 2520 1722 2559 constant;
1750 2519 1792 2550 ut

248 2578 286 2610 in
314 2576 568 2611 adultioribus
595 2576 743 2610 cellulis
771 2575 885 2619 amyli
913 2576 1030 2619 (saepe
1058 2574 1247 2618 amorphi)
1275 2575 1380 2618 copia
1399 2573 1591 2613 increscit,
1613 2572 1790 2608 diminui-

250 2637 310 2667 tur
336 2634 612 2678 protoplasma3
648 2633 685 2666 in
712 2631 905 2666 nonnullis
933 2631 1081 2665 cellulis
1109 2631 1259 2665 demum
1286 2630 1539 2665 endochroma
1564 2630 1642 2663 fere
1668 2631 1790 2663 totum

249 2689 419 2733 granulis
452 2692 616 2731 constat,
649 2700 731 2732 quae
758 2688 926 2722 dissecta
951 2687 1089 2721 cellula
1114 2698 1261 2731 quoque
1287 2686 1451 2721 invicem
1477 2685 1656 2719 facillime
1684 2694 1792 2727 sepa-

250 2749 394 2780 rantur.
444 2746 499 2780 Ita
527 2747 565 2779 in
592 2746 810 2779 Gracilariae
839 2743 1047 2788 speciebus,
1078 2745 1214 2788 quibus
1241 2744 1310 2778 hoc
1329 2743 1418 2778 olim
1438 2740 1789 2776 characteristicum

250 2801 394 2834 credidi
422 2802 525 2845 (Azy.
554 2801 649 2836 Med.
671 2813 709 2845 p.
736 2803 835 2844 150).
873 2800 1050 2844 Ktstzing,
1083 2799 1121 2833 ni
1147 2799 1271 2842 fallor,
1298 2799 1441 2847 primus
1468 2798 1512 2831 de
1539 2799 1675 2830 natura
1701 2795 1788 2829 che-

250 2858 342 2891 mica
382 2860 627 2902 granulorum
661 2858 797 2892 statuit
824 2857 953 2891 eadem
980 2857 1101 2900 amylo
1128 2859 1314 2890 constare.
1366 2853 1514 2897 Naegeli
1540 2856 1673 2896 postca
1699 2863 1791 2895 quo-

251 2914 333 2946 dam
362 2914 442 2948 1000
468 2914 623 2958 negavit
650 2915 810 2959 granula
835 2914 1024 2956 amylacea
1048 2913 1086 2945 in
1112 2911 1301 2946 Florideis
1329 2911 1474 2943 adesse.
