1937 3315
293 169 370 209 138

288 282 526 322 tinuantur.
591 280 651 320 Ex
699 281 763 321 his
810 280 1020 334 penicillis
1057 281 1233 333 quidam
1264 282 1486 323 inferiores
1518 299 1625 338 saepe
1656 284 1824 326 steriles

288 351 482 397 111ancnt3
514 348 555 388 in
588 347 865 400 sequentibus
896 348 951 389 ad
983 348 1215 389 articulum
1247 349 1439 390 infimum
1471 351 1717 394 antlieridia
1740 353 1822 394 sin—

287 417 388 470 gula
420 417 676 469 proveniunt
708 418 956 466 introrsum,
989 421 1233 459 extrorsum
1265 432 1371 460 novo
1403 433 1521 460 ramo
1546 421 1824 462 continuatur

286 483 526 537 penicillus,
558 484 804 525 antheridio
837 485 960 537 ‹piasi
984 485 1202 526 bracteam
1227 486 1503 527 constituens.
1560 487 1823 528 Antheridiis

286 555 327 593 et
366 551 576 604 penicillis
613 551 668 592 ad
706 552 847 605 apices
879 552 1042 593 frondis
1074 552 1270 606 plurimis
1302 553 1504 605 collectis,
1536 558 1578 596 et
1610 555 1822 596 inferiori-

286 620 364 660 bus
396 619 773 672 adultioribusque
805 621 959 661 sensim
993 620 1262 673 prolongatis
1293 626 1335 662 et
1367 621 1606 663 evidentius
1636 623 1822 676 pedicel-

286 687 387 728 latis
418 691 549 740 atque
581 688 912 741 patentioribus,
946 689 1087 741 apices
1119 688 1284 730 fertiles
1313 703 1530 730 ramorum
1552 690 1732 731 formam
1756 704 1822 731 co-

285 755 424 809 rymbi
461 755 549 796 fere
589 755 794 806 referant,
827 755 906 796 sub
939 760 1170 808 augmento
1202 756 1388 808 quodam
1420 757 1656 808 observati3
1702 757 1824 798 oculo

284 823 397 864 nudo
434 823 522 865 fere
553 823 803 877 penicillum
834 823 1129 864 mollissimum
1162 823 1347 876 pilorum
1379 824 1548 866 efficere
1581 825 1821 866 videantur.

397 891 704 932 Antheridium
750 895 981 939 maturum,
1030 892 1197 932 ratione
1243 892 1394 933 habita
1434 893 1487 933 ad
1529 893 1615 934 alia
1646 908 1822 946 organa,

284 964 350 1001 sat
382 975 586 1014 magnum
619 960 1015 1013 adpareat,*forma
1047 959 1517 1013 oblongo-elongatum,
1542 961 1821 1015 cylindricum

283 1033 359 1070 aut
405 1029 448 1070 in
495 1029 696 1070 inferiore
735 1032 859 1082 parte
891 1028 1019 1082 paulo
1051 1029 1249 1079 crassius,
1285 1043 1396 1070 nunc
1427 1029 1646 1083 paulisper
1677 1030 1821 1071 incur-

284 1113 394 1148 vum7
426 1098 631 1150 utrinque
663 1097 883 1148 obtusum;
916 1098 1032 1139 intra
1062 1097 1356 1139 membranam
1388 1098 1608 1152 hyalinam
1629 1099 1821 1140 innume·

283 1166 342 1206 ris
374 1170 416 1207 et
448 1165 745 1206 minutissimis
778 1165 945 1207 cellulis
977 1166 1235 1211 rotundatis„
1269 1166 1323 1207 ab
1357 1167 1561 1208 interiore
1593 1167 1665 1208 axi
1698 1167 1820 1208 fasci-

283 1233 459 1274 culatim
501 1233 623 1286 quasi
656 1233 927 1274 radiantibus
960 1234 1252 1274 constituitur.
1313 1233 1363 1274 In
1396 1234 1651 1275 antheridiis
1680 1235 1820 1288 junio-

282 1301 402 1341 ribus
439 1301 536 1353 (Ass.
568 1302 646 1342 tab.
682 1301 912 1342 XXXIII.
932 1303 1007 1355 figs.
1040 1303 1111 1355 16)
1157 1301 1321 1342 cellula
1367 1303 1676 1344 constituentes
1723 1307 1821 1343 sunt

282 1373 325 1410 et
369 1370 553 1423 majores
592 1374 634 1410 et
666 1384 841 1411 numero
873 1371 1114 1423 pauciores3
1160 1371 1203 1411 in
1235 1371 1354 1423 apice
1386 1370 1620 1411 antheridii
1652 1384 1821 1424 quoque

283 1437 482 1479 cellulam
514 1437 786 1478 terminalem
818 1437 1069 1490 dignoscere
1092 1437 1205 1488 licet,
1228 1438 1347 1491 cujus
1370 1438 1634 1479 incremento
1656 1442 1698 1479 et
1720 1438 1819 1479 sub-

282 1505 487 1546 divisione
533 1505 939 1558 diaphragmatibus
986 1506 1349 1547 transversalibus
1386 1506 1560 1547 articuli
1597 1507 1820 1548 inferiores

281 1572 517 1614 antheridii
550 1572 727 1613 formari
760 1573 972 1614 videntur.
1036 1573 1085 1614 In
1117 1573 1372 1614 antheridiis
1404 1574 1634 1615 admodum
1656 1575 1819 1628 juveni-

280 1641 394 1682 libus
426 1641 587 1693 Das-yae
618 1641 817 1693 clcyante's
847 1642 948 1694 (Ass.
982 1642 1060 1683 tab.
1096 1642 1298 1683 XXXII.
1318 1644 1392 1695 fiy.
1425 1646 1485 1684 2&
1516 1656 1543 1682 (ι
1574 1646 1611 1683 et
1641 1643 1683 1696 b)
1715 1643 1819 1683 arti-

281 1708 399 1750 culos
431 1709 784 1761 monosiphoneos
816 1709 902 1749 vidi
935 1713 977 1750 et
1002 1709 1334 1751 endochromate
1357 1710 1545 1751 colorato
1567 1710 1690 1751 initio
1712 1724 1818 1763 pree-

282 1777 411 1827 ditos:
445 1777 517 1818 sed
550 1777 721 1818 articuli
756 1792 853 1818 mox
886 1778 1238 1828 sulnlividuutur,
1272 1782 1313 1818 et
1344 1778 1541 1832 partibus
1563 1778 1728 1819 nullum
1750 1793 1818 1819 or-

282 1845 422 1886 dinem
470 1845 741 1897 conspicuum
783 1846 1064 1888 servantibus.
1098 1846 1357 1887 articulatus
1388 1849 1585 1899 aspectus
1617 1860 1714 1887 mox
1745 1846 1817 1886 ob-

283 1913 499 1963 literatur7
545 1918 587 1954 et
633 1913 797 1954 cellulae
845 1914 1079 1955 antlieridii
1127 1914 1213 1954 fere
1260 1914 1517 1955 inordinata»
1564 1914 1817 1967 adparcant.

281 1985 371 2030 Quo
402 1982 539 2033 magis
571 1982 822 2022 maturescit
846 1982 1152 2033 antheridium,
1176 1982 1343 2023 cellula*
1367 1997 1550 2036 quoque,
1573 1996 1668 2034 quae
1690 1986 1817 2023 antea

281 2048 455 2089 fuerunt
503 2048 804 2095 distinctim-es,
854 2064 1104 2091 evanescere
1143 2050 1355 2100 videntur,
1388 2050 1641 2091 continuata
1674 2050 1816 2091 forsan

281 2116 435 2156 iterum
468 2116 711 2167 iterumque
744 2115 963 2165 divisione7
997 2121 1039 2156 et
1071 2117 1132 2156 ita
1164 2117 1364 2157 oriuntur
1395 2120 1541 2169 partes
1573 2116 1657 2157 illa»
1690 2117 1815 2157 innu-

282 2198 407 2225 merae
454 2185 541 2225 fere
581 2183 924 2237 granuliswmes,
958 2184 1114 2237 quibus
1145 2188 1363 2225 maturum
1397 2185 1687 2225 antheridium
1719 2200 1814 2225 con-

281 2255 379 2292 stat.
440 2251 738 2293 Endochroma
784 2251 861 2291 sub
908 2251 986 2292 hac
1032 2251 1272 2293 evolutione
1305 2252 1368 2293 ita
1401 2267 1569 2305 quoque
1600 2256 1814 2293 mutatum

280 2319 375 2368 l'uit,
408 2322 455 2359 ut
487 2322 623 2359 totum
657 2318 949 2359 antlieridium
982 2318 1166 2360 colorem
1200 2319 1384 2360 lacteum
1417 2324 1492 2360 aut
1516 2320 1703 2372 griseum
1728 2321 1814 2362 sere

281 2401 447 2439 semper
478 2390 638 2437 servat3
671 2386 868 2439 adposito
900 2386 1026 2427 Jodio
1059 2390 1135 2427 aut
1165 2385 1257 2427 Chl.
1281 2387 1323 2427 Z.
1347 2387 1385 2428 J.
1418 2387 1704 2428 endochroma
1726 2402 1814 2429 ma-

280 2455 344 2508 gis
378 2456 418 2495 in
452 2454 614 2496 luteum
648 2454 805 2504 tendit3
854 2455 1148 2496 membranam
1195 2455 1414 2509 hyalinam
1446 2460 1591 2509 partes
1622 2456 1813 2509 granuli-

280 2523 435 2564 formes
468 2522 651 2575 cingere,
685 2526 786 2563 tunc
819 2537 986 2575 quoque
1017 2523 1185 2563 facilius
1217 2524 1520 2576 conspiciatur.
1580 2523 1630 2564 In
1661 2524 1812 2564 anthe-

282 2591 401 2631 ridiis
448 2590 544 2643 plns
590 2604 719 2642 quam
750 2591 932 2630 maturis
965 2590 1199 2643 aliquando
1230 2591 1390 2644 (l’olys.
1423 2591 1636 2644 HJJ-odisee)
1667 2593 1812 2642 partes

281 2659 611 2710 granuliformes
644 2658 830 2700 laxiores
863 2658 1098 2709 observavi,
1131 2663 1173 2700 et
1206 2660 1284 2700 hoc
1317 2663 1435 2700 statu
1466 2659 1584 2699 filum
1607 2658 1719 2699 axile
1742 2672 1810 2698 ar-

280 2726 518 2773 ticulatum,
559 2727 755 2767 articulis
795 2727 1006 2767 diametro
1038 2727 1316 2779 limgioribus,
1350 2730 1487 2767 totum
1519 2725 1807 2766 antheridium

280 2808 545 2846 percurrens,
578 2794 843 2846 distinguere
878 2793 1016 2844 licuit3
1065 2796 1140 2835 hoc
1173 2796 1359 2835 cinctum
1392 2793 1476 2833 vidi
1508 2791 1591 2833 filis
1622 2792 1808 2842 minutis„

280 2860 553 2901 radiantibus
598 2861 861 2903 fasciculatis
892 2865 935 2902 et
967 2862 1238 2904 verticillatis
1268 2859 1513 2915 (verticillis
1543 2859 1680 2911 magis
1712 2874 1808 2900 con-
