1937 3315
387 314 437 355 In
483 312 631 353 multis
676 311 898 353 Conservis
942 312 1207 366 simplicibus
1244 312 1471 366 (C024f0r0a
1507 329 1615 355 (srva
1647 318 1689 356 et
1721 328 1818 367 quse

275 396 407 434 genus
452 380 666 433 Lgss-leaetes
713 379 816 420 mihi
865 380 1151 434 constituant)
1195 380 1369 421 articuli
1402 394 1559 431 omnes,
1593 382 1737 423 infimo
1769 386 1818 423 ut

274 452 474 502 putarem
519 450 711 501 excepto,
758 447 847 488 fere
894 447 1097 489 continuo
1143 447 1393 501 prolongari
1430 448 1644 499 videntur,
1682 464 1818 502 usque

273 517 388 567 dum,
428 515 589 569 duplici
623 520 821 557 assecuta
853 515 1136 568 longitudine,
1169 515 1503 569 diaphragmate
1535 518 1816 559 transversali

273 585 315 624 in
362 583 469 624 duos
514 597 642 624 novos
679 583 946 633 dividuntur,
985 597 1168 636 quorum
1199 588 1381 637 uterque
1413 584 1561 626 eodem
1592 585 1715 626 modo
1747 600 1817 627 ac-

274 653 427 694 crescit
459 656 501 693 et
532 653 692 694 iterum
724 652 1032 693 subdividitur.
1094 651 1287 693 Parietes
1320 653 1602 694 articulorum
1635 655 1817 704 externi,

273 721 347 773 qui
394 721 606 762 continuae
653 720 995 774 prolongationis
1039 720 1249 761 facultate
1286 721 1349 761 ita
1381 721 1529 761 donati
1561 721 1817 775 adpareant,

275 793 374 829 sunt
406 788 560 829 eximie
593 787 823 838 lamellosi,
856 789 1061 840 novisque
1095 788 1262 829 cellulis
1284 789 1400 829 intus
1422 803 1552 830 novas
1576 788 1819 830 lamellulas

272 857 577 907 formantibus,
624 857 948 898 transferuntur
994 857 1150 898 sensim
1188 858 1350 898 extima
1382 862 1524 898 strata
1554 858 1816 899 membranze

274 924 571 973 articulorum,
620 939 713 978 quae
761 929 890 966 antea
921 924 1110 974 fuerunt,
1142 925 1185 965 in
1216 924 1463 975 cuticulam,
1498 925 1574 966 hoc
1606 925 1730 966 modo
1762 926 1818 966 ab

273 994 479 1035 interiore
510 997 838 1035 accrescentem.
885 993 1107 1047 Ejusmodi
1140 993 1423 1034 articulorum
1446 994 1696 1046 im‘k‘riormn
1720 1008 1818 1047 pro-

273 1060 566 1114 longationem
599 1061 847 1102 continuam
881 1064 923 1101 et
955 1060 1287 1101 subdivisionem
1311 1074 1521 1113 nusquam
1543 1061 1584 1101 in
1610 1060 1819 1102 Florideis

273 1128 547 1170 filiformibus
579 1128 824 1169 articulatis
856 1129 1041 1170 existere
1073 1133 1286 1181 putarem.
1347 1128 1395 1169 In
1428 1128 1637 1170 Florideis
1660 1129 1819 1169 descri-

276 1197 426 1238 bendis
459 1211 627 1250 quoque
660 1197 815 1250 siepius
846 1200 1031 1237 utuntur
1065 1196 1348 1237 articulorum
1380 1196 1648 1249 longitudine
1672 1221 1721 1225 —
1741 1200 1819 1237 aut

274 1265 550 1318 proportione
582 1264 867 1318 longitudinis
898 1268 941 1306 et
973 1264 1175 1305 diametri
1207 1289 1260 1293 -—
1294 1263 1419 1316 quasi
1453 1264 1703 1305 charactere
1736 1264 1817 1305 sibi

274 1346 441 1385 semper
473 1333 560 1373 fere
592 1336 815 1373 constante
848 1332 1085 1386 specierum
1117 1332 1397 1373 diversarum.

388 1400 629 1441 Articulum
665 1415 762 1441 vero
794 1400 987 1450 inferius,
1015 1399 1104 1452 jam
1138 1399 1348 1449 adultum,
1371 1400 1530 1440 iterum
1552 1400 1817 1440 subdivisum

272 1469 416 1519 fuisse,
455 1469 489 1508 si
528 1468 856 1508 fructificationi
888 1471 964 1508 aut
995 1467 1070 1508 alii
1102 1467 1311 1508 inserviat
1342 1467 1429 1517 fini,
1461 1467 1585 1520 plura
1619 1468 1818 1521 cognovi-

273 1551 367 1577 mus
399 1537 610 1590 exempla.
658 1536 708 1577 In
743 1537 967 1577 Pandorca
999 1536 1098 1589 (Ay.
1138 1536 1229 1577 Tab.
1262 1536 1383 1589 Isiq.
1408 1538 1456 1583 δ’)
1488 1536 1693 1577 articulos
1714 1550 1818 1590 pen-

273 1605 460 1647 ultimos.
503 1606 595 1657 jam
638 1605 842 1652 evolutos,
875 1605 1208 1658 diaphragmate
1241 1604 1524 1645 transversali
1556 1605 1711 1645 divisos
1742 1604 1817 1646 ob-

272 1674 458 1723 servavi,
505 1677 761 1726 partemque
808 1674 1073 1726 superiorem
1112 1674 1229 1714 novis
1261 1673 1427 1714 cellulis
1460 1673 1563 1714 dare
1596 1673 1818 1726 originem,

273 1741 432 1792 quibus
477 1741 649 1782 demum
695 1741 885 1781 efficitur
923 1741 1259 1794 sporocarpium.
1321 1741 1369 1781 In
1402 1740 1816 1793 D=ml1·‹-1sfnc1ja(Ay.

276 1809 371 1849 Tar).
406 1809 532 1850 XVI.
552 1810 626 1861 flu.
660 1811 774 1849 3—45
804 1809 861 1849 ad
881 1808 921 1861 f.
955 1812 992 1849 et
1006 1810 1081 1862 ff.)
1113 1808 1231 1849 velut
1262 1809 1305 1850 in
1335 1809 1533 1862 pluribus
1565 1809 1817 1859 Generibus,

274 1889 369 1927 quae
402 1875 456 1915 ad
488 1875 817 1916 Dmno‘nte'acms
849 1875 979 1916 retuli
1011 1876 1111 1927 (Ay.
1155 1877 1243 1916 Tab.
1279 1876 1817 1929 XVILJJJ.4—;3c1‹l2).,·

252 1946 337 2001 sy.
361 1946 510 1993 9--10,
543 1947 595 1983 11
609 1958 634 1983 a
666 1944 724 1983 ad
745 1958 811 1995 p.,·
831 1946 906 1996 fiy.
942 1947 993 1984 15
1026 1945 1082 1984 ad
1104 1945 1184 1995 ff),
1217 1958 1385 1997 quoque
1419 1945 1613 1985 obtineat
1646 1950 1691 1985 ut
1724 1945 1816 1986 filo-

272 2025 369 2052 rum
416 2011 590 2052 articuli
637 2011 826 2064 elongati
866 2012 990 2063 quasi
1029 2012 1171 2052 subito
1203 2013 1246 2053 in
1278 2016 1424 2065 partes
1456 2013 1600 2065 plnres
1633 2014 1818 2054 seriatas

276 2078 400 2119 divisi
447 2078 748 2128 observentur3
797 2093 890 2131 quae
932 2083 1031 2120 sunt
1070 2079 1110 2120 in
1146 2080 1211 2120 his
1243 2080 1341 2120 filize
1374 2080 1542 2121 cellula*
1575 2095 1684 2133 saepe
1717 2095 1815 2122 mox

274 2146 579 2196 retundantur,
626 2161 739 2187 nunc
770 2147 871 2199 ipsae
903 2147 945 2187 in
977 2147 1209 2200 gemmidia
1241 2148 1462 2197 abeuntes,
1496 2162 1605 2188 nunc
1638 2148 1816 2188 cellulas

274 2215 477 2255 matrices
524 2215 844 2265 constituentes,
888 2229 914 2255 a
952 2215 1108 2267 quibus
1147 2216 1378 2268 gemmidia
1410 2220 1660 2256 nascuntur.
1720 2215 1815 2257 Cel-

273 2283 384 2323 lnlas
416 2297 547 2323 novas
579 2283 621 2323 in
654 2282 720 2323 his
752 2283 951 2334 generari
983 2282 1252 2329 formatione,
1286 2287 1332 2323 nt
1364 2283 1525 2333 dicunt,
1559 2283 1706 2327 libera,
1741 2285 1815 2326 ob-

274 2366 446 2392 ¹servare
478 2350 654 2391 credidi.

386 2420 435 2460 In
482 2419 702 2459 Conservis
748 2419 940 2468 ramosis,
980 2432 1087 2471 quas
1119 2418 1171 2458 ad
1204 2418 1348 2459 Genus
1380 2418 1655 2471 (Ilmloplwrav
1687 2419 1813 2459 Kntz.

273 2488 398 2528 bodie
444 2487 695 2540 plerumque
742 2487 949 2537 referunt,
997 2486 1069 2528 fila
1117 2501 1359 2527 accrescere
1404 2487 1730 2540 prolongatione
1772 2491 1815 2528 et

274 2554 562 2595 subdivisione
610 2554 785 2595 articuli
831 2554 1086 2604 terminalis,
1133 2554 1506 2595 observationibus
1554 2554 1701 2595 Mohlii
1740 2555 1813 2594 diu

273 2622 492 2675 cognitum
539 2623 634 2662 fuit.
695 2622 917 2662 Articulus
964 2622 1166 2663 nimirum
1214 2622 1454 2663 terminalis
1492 2622 1535 2662 in
1567 2622 1644 2667 liis,
1678 2625 1725 2661 ut
1757 2621 1811 2661 ad

273 2690 484 2742 duplicem
509 2690 597 2731 fere
621 2689 935 2742 longitudinem
960 2690 1242 2730 articulorum
1265 2690 1515 2730 inferiorum
1539 2689 1812 2738 succreverit,

272 2757 605 2810 diaphragmate
650 2758 836 2798 formato
882 2757 1189 2808 subdividitur,
1236 2761 1278 2797 et
1309 2757 1484 2797 articuli
1522 2757 1546 2796 2
1583 2756 1678 2796 novi
1725 2756 1812 2796 for—

272 2828 459 2874 mantur,
506 2839 689 2878 quorum
734 2824 912 2865 inferior
958 2825 1027 2864 vix
1074 2825 1256 2865 ulterius
1288 2824 1584 2877 prolongatur,
1618 2824 1812 2876 superior

273 2894 416 2931 autem
463 2893 705 2943 succrescit,
752 2906 877 2933 novos
923 2893 1129 2933 articulos
1175 2893 1322 2934 eodem
1355 2892 1477 2933 modo
1509 2896 1811 2944 generaturus.
