1937 3315
338 240 418 281 286

337 365 482 393 eorum
512 351 555 391 in
587 348 886 404 Cryptogamis
929 351 1220 403 superioribus
1267 365 1537 404 organorum,
1578 368 1671 407 quze
1709 353 1871 395 sexuali

336 418 640 471 propagationi
678 418 927 458 inserviant.
986 417 1261 460 Contrarium
1301 434 1398 461 vero
1438 421 1579 463 valere
1617 423 1667 464 de
1699 422 1872 474 gyemm‘e‘s

326 487 564 539 prolefere's,
587 486 841 539 propaffldis
873 489 914 527 et
946 500 1040 539 quae
1078 491 1176 528 sunt
1207 487 1294 529 alia
1325 502 1489 540 organa
1520 503 1686 543 agama,
1718 490 1872 543 quibus

334 554 553 595 individua
587 558 664 594 aut
695 553 868 595 coloniae
915 553 1235 596 individuorum
1281 560 1562 609 generantur,
1609 571 1715 598 nova
1760 558 1871 598 enim

335 637 387 664 ex
434 623 500 664 his
545 622 775 676 progenita
819 621 1044 663 individua
1089 637 1340 665 conservare
1372 624 1571 666 videntur
1602 639 1670 666 eos
1701 625 1873 665 charac-

334 696 447 733 teres
477 690 776 740 individuales,
808 690 963 743 quibus
985 691 1263 744 dignoscatur
1283 692 1435 746 planta
1463 697 1679 744 materna3
1711 696 1758 733 ut
1781 706 1872 745 quae

335 760 378 801 in
410 759 559 813 planta
600 758 792 800 mascula
830 759 995 800 orirent
1032 761 1274 814 propagula
1311 775 1361 802 ea
1393 765 1649 815 generarent
1679 761 1873 815 plantam

334 826 581 877 masculam,
614 830 657 867 et
689 826 747 867 sic
780 826 823 867 in
854 828 1020 868 caeteris
1039 826 1092 882 >le).
1135 826 1178 868 Si
1210 842 1310 869 vero
1341 828 1384 869 in
1417 828 1638 879 Florideis,
1670 834 1718 870 ut
1749 828 1872 881 hodie

333 910 549 937 assumere
580 894 780 948 propensi
813 895 1023 941 videntur,
1057 900 1133 937 aut
1174 910 1307 950 sporae
1339 900 1415 938 aut
1447 897 1689 950 gemmidia,
1720 911 1872 950 propa-

334 963 446 1015 gulis
477 962 664 1015 analoga
696 965 849 1012 essent,
882 962 961 1003 hoc
992 966 1056 1003 est
1077 964 1249 1017 organis
1272 958 1478 1017 agamicis
1500 965 1872 1015 constituerentur,

333 1046 384 1072 ex
416 1031 481 1072 his
513 1034 683 1071 tantum
722 1030 847 1070 unius
884 1030 1051 1083 generis
1090 1030 1312 1072 individua
1344 1045 1452 1073 nova
1484 1031 1632 1080 evolvi,
1666 1032 1869 1073 crederes.

333 1099 435 1140 dum
465 1113 517 1141 ex
550 1098 687 1139 altero
718 1112 980 1151 organorum
1025 1112 1193 1152 genere,
1240 1099 1354 1151 quod
1400 1100 1565 1140 sexuali
1605 1099 1871 1153 generationi

333 1167 575 1217 inserviret,
608 1166 749 1208 omnia.
779 1165 1095 1207 individuorum
1129 1180 1289 1219 genera
1320 1169 1557 1220 promiscue
1585 1168 1870 1222 provenirent.

332 1236 453 1286 Quod
475 1249 574 1276 vero
597 1235 631 1275 si
662 1238 965 1279 assumeretur,
998 1237 1120 1287 patet
1153 1234 1376 1275 individua
1408 1236 1534 1276 unius
1565 1237 1744 1290 generis,
1777 1250 1870 1288 quae

333 1309 375 1346 et
407 1303 638 1346 seminibus
670 1307 712 1344 et
743 1302 993 1356 propagulis
1023 1302 1181 1355 (sporis
1213 1307 1255 1344 et
1287 1303 1550 1358 gemmidiis)
1580 1308 1719 1345 ortum
1743 1303 1868 1345 debe-

332 1376 440 1423 rent,
472 1371 607 1412 multo
639 1371 932 1412 numerosiora
963 1370 1133 1411 demum
1165 1371 1314 1412 adesse
1345 1371 1512 1422 debere,
1545 1387 1671 1425 quam
1703 1386 1794 1425 quze
1817 1386 1869 1413 ex

331 1455 414 1482 uno
446 1444 616 1482 tantum
652 1453 806 1493 genere
852 1453 1110 1492 organorum
1156 1443 1447 1480 nascerentur.
1511 1439 1727 1493 Algologis
1771 1454 1870 1481 vero

331 1508 534 1562 practicis
565 1511 630 1548 est
661 1507 930 1548 notissimum
962 1506 1247 1560 plurimarum
1278 1507 1513 1560 specierum
1535 1507 1754 1549 individua
1775 1522 1868 1562 spo-

332 1577 463 1617 rifera
495 1580 537 1618 et
569 1575 882 1629 gemmidiifera
903 1575 998 1629 pari
1020 1575 1109 1616 fere
1133 1590 1308 1617 numero
1339 1576 1550 1627 obvenire,
1583 1576 1692 1630 quod
1721 1577 1869 1630 praeci*

332 1659 413 1698 pue
445 1645 656 1699 adpareat
687 1645 721 1685 si
758 1648 1065 1697 comparantur
1104 1644 1275 1698 species,
1308 1644 1350 1685 in
1382 1644 1536 1696 quibus
1568 1645 1730 1686 fructus
1760 1645 1868 1686 utri-

331 1727 466 1766 usque
498 1713 663 1766 generis
694 1725 814 1764 {eque
846 1711 1063 1764 conspicui
1094 1710 1351 1753 evolvuntur
1372 1711 1539 1765 (mulne
1571 1712 1865 1763 thoclomelcce,

331 1782 587 1832 Cleondm'ece,
619 1779 892 1821 Delesserz'ese
923 1780 1037 1833 etc).
1078 1778 1258 1820 Oculato
1290 1779 1485 1833 algologo
1516 1779 1626 1821 idem
1658 1780 1867 1833 adpareat

331 1849 381 1890 de
414 1849 523 1899 aliis,
572 1862 755 1900 quarum
803 1846 1015 1888 sufficiens
1062 1848 1182 1900 copia
1229 1851 1515 1900 comparatur.
1575 1846 1661 1888 Nec
1700 1847 1751 1889 de
1782 1848 1868 1889 alia

330 1917 497 1958 familia
542 1916 759 1969 cognitum
805 1930 894 1956 esse
940 1918 1139 1968 putarem
1186 1930 1531 1969 unamquamque
1564 1917 1653 1970 ejus
1685 1918 1867 1970 speciem

331 1985 585 2026 normaliter
622 1984 780 2025 habere
819 1998 950 2024 unum
985 1983 1302 2025 individuorum
1335 1999 1480 2038 genus,
1511 1985 1554 2026 in
1585 1985 1739 2038 quibus
1769 2000 1865 2039 pro-

330 2053 493 2107 pagula
525 2055 816 2099 nascerentur,
850 2052 945 2092 aliis
977 2052 1100 2093 simul
1122 2053 1417 2106 praesentibus,
1439 2053 1482 2093 in
1506 2053 1658 2106 quibus
1680 2059 1863 2107 utraque

330 2135 494 2175 organa
525 2120 719 2162 sexualia
750 2120 1038 2173 provenirent.
1099 2120 1200 2170 Quae
1237 2121 1407 2174 quidem
1445 2121 1722 2175 perpendenti
1758 2122 1863 2163 mihi

331 2189 533 2244 adparuit
567 2188 631 2238 iis,
665 2188 737 2240 qui
770 2201 822 2229 ne
854 2187 1044 2240 duplices
1076 2188 1239 2229 fructus
1270 2190 1312 2229 in
1352 2188 1560 2230 Florideis
1596 2194 1864 2231 assumerent

329 2271 461 2298 unuln
506 2269 764 2309 organorum
811 2269 943 2308 genus
981 2255 1495 2310 propagulisconsistere
1533 2262 1862 2309 supposuerunt,

330 2325 437 2366 nihil
474 2324 593 2366 aliud
630 2324 870 2377 contigisse,
911 2338 1039 2377 quam
1078 2324 1189 2377 quod
1228 2338 1353 2365 unam
1389 2325 1486 2365 rem
1516 2325 1756 2367 inauditam
1788 2340 1863 2379 per

329 2393 513 2435 alteram
543 2406 664 2446 aeque
696 2392 937 2434 inauditam
968 2392 1289 2446 explicaverint.

419 2493 452 2540 ⁴²)
479 2495 621 2530 Statuit
658 2495 698 2528 P.
736 2495 791 2529 W.
831 2497 1006 2528 Scamnum
1045 2495 1167 2537 (Reclc.
1205 2506 1271 2529 sur
1308 2496 1356 2529 lex
1396 2496 1564 2529 Mousses
1588 2507 1628 2540 p.
1661 2498 1731 2539 55),
1757 2496 1860 2539 cujus

331 2567 470 2590 summa
499 2567 586 2589 sane
615 2557 673 2588 est
698 2554 736 2587 in
763 2554 829 2587 hac
856 2564 895 2586 re
923 2553 1141 2596 auctoritas,
1172 2553 1349 2598 Hypnum
1379 2553 1586 2595 abietz'num,
1619 2564 1699 2596 quae
1724 2552 1761 2586 in
1782 2556 1861 2586 tota

330 2614 427 2647 valle
471 2613 654 2646 Rhenana
698 2610 963 2654 montibusque
1008 2610 1269 2654 adjacentibus
1308 2615 1365 2645 est
1402 2610 1664 2655 vulgatissima
1702 2610 1858 2654 species,

327 2671 467 2704 ibidem
496 2680 695 2712 numquam
720 2667 956 2701 fructiferum
983 2668 1172 2703 obvenire,
1204 2667 1292 2701 licet
1324 2668 1431 2701 flores
1463 2667 1637 2702 foeminei
1672 2666 1858 2701 uberrime

329 2728 561 2762 evolvantur.
610 2726 720 2759 Patet
746 2725 865 2768 igitur
891 2725 1073 2768 plantam,
1101 2725 1158 2759 his
1185 2725 1275 2759 locis
1304 2725 1614 2770 vulgatissimam.
1640 2724 1858 2768 propaginis

329 2784 520 2827 cujusdam
547 2781 698 2827 generis
726 2781 945 2826 propagari3
973 2782 1070 2825 quod
1097 2794 1177 2816 cum
1205 2783 1249 2817 ab
1276 2794 1372 2816 anno
1390 2783 1427 2815 in
1447 2793 1581 2815 annum
1602 2780 1857 2819 continuatur,

330 2841 501 2883 seqnitur
527 2839 746 2884 propagnlis
772 2840 918 2872 tanturn
940 2839 1088 2882 plantas
1108 2840 1282 2883 generari
1302 2851 1410 2883 posse
1430 2851 1511 2882 quae
1532 2838 1697 2881 ejusdem
1718 2837 1856 2871 indolis

330 2903 426 2933 sunt.
455 2898 559 2942 cujus
586 2897 655 2931 fnit
681 2897 812 2941 planta
838 2899 1007 2930 materna
1041 2896 1230 2941 primaria.
1280 2897 1379 2930 Idem
1408 2894 1657 2929 demonstrari
1685 2898 1855 2937 putarem

329 2954 521 2988 hortorum
550 2953 692 2997 plantis
719 2953 843 2992 cultis,
873 2953 1095 2996 genealogia
1120 2954 1253 2986 ,S'alv'czle
1280 2953 1524 2996 Babylonicum
1551 2950 1721 2993 aliisque.
1820 2952 1823 2957 '
