1937 3315
309 161 390 200 2⁴54

311 271 441 320 tifcri,
473 286 499 310 a
530 270 686 321 quibus
718 269 791 310 11111
823 268 1090 322 placentaria
1124 270 1247 321 quasi
1274 270 1416 311 media
1438 274 1608 319 exeunt,
1632 286 1742 312 nunc
1765 270 1848 311 filis

310 339 457 391 paucis
488 338 910 379 anastomosantibus
940 338 1121 379 invicem
1152 339 1383 392 conjuncta
1413 339 1649 380 observavi.

424 404 622 459 l'olyidcs
668 406 720 445 iis
766 405 957 458 pertinet
994 405 1218 456 Florideis,
1251 406 1294 446 in
1327 406 1485 458 quibus
1518 410 1704 448 stratum
1735 407 1849 448 axile

311 473 481 514 filorum
528 472 906 525 longitudinalitcr
938 474 1260 514 excurrentium
1292 474 1426 523 adest,
1459 474 1574 527 quod
1606 478 1850 516 extrorsum

311 540 534 592 obtegitur
564 540 697 581 ramis
729 540 974 586 lateraliter
1006 540 1341 592 egredientibus,
1365 544 1506 581 strata
1528 542 1745 582 exteriora
1766 542 1852 582 for—

312 607 544 648 mantibus.
604 607 654 648 In
701 607 900 648 articulis
946 607 1224 649 interioribus
1262 607 1431 649 filorum
1462 608 1746 657 verticalium,
1781 609 1854 661 qui

311 675 447 716 multo
493 676 630 729 magis
681 689 809 729 quam
856 676 1092 717 exteriores
1138 680 1401 727 accrescunt,
1444 676 1629 728 granula
1667 676 1853 728 plurima

306 743 424 797 jodio
457 743 795 784 coerulescentia
826 747 1156 794 coacervantur,
1189 744 1233 784 in
1257 744 1547 785 exterioribus
1569 744 1854 785 endochroma

313 812 551 852 coloratum
597 815 754 861 manet,
802 812 916 864 quod
958 812 1076 865 ι101110
1122 812 1318 865 adposito
1358 812 1541 854 colorem
1572 813 1853 854 lutescentem

313 893 530 920 assumere
569 878 673 930 vidi;
721 879 783 920 ita
816 880 901 920 tria
933 880 1104 921 diversa
1136 884 1276 921 strata
1306 880 1469 921 frondis
1501 880 1672 922 facilius
1704 880 1854 931 digno-

313 960 431 987 scere
463 946 576 987 licet.

427 1013 534 1063 Fila,
568 1014 725 1067 quibus
756 1017 954 1055 constant
986 1015 1232 1069 spongiolae,
1254 1015 1583 1069 prolongatione
1605 1015 1856 1056 immediata

314 1083 485 1124 filorum
531 1083 847 1135 subjacentium
893 1084 1022 1124 strati
1068 1084 1284 1126 corticalis
1321 1085 1437 1135 oriri,
1478 1084 1650 1126 facilius
1682 1084 1853 1138 quidem

316 1151 550 1191 videretur.
602 1150 644 1191 si
675 1165 774 1191 vero
807 1151 1038 1204 spongiolae
1055 1151 1266 1204 juveniles
1290 1152 1535 1193 accuratius
1557 1152 1855 1202 observantur,

317 1218 547 1271 adparebit
592 1217 907 1270 quodammodo
941 1218 1071 1258 aliam
1104 1232 1193 1273 esse
1226 1219 1286 1259 rei
1318 1220 1544 1260 rationem.
1608 1219 1702 1260 Fila
1733 1220 1855 1260 nimi-

316 1301 411 1327 rum
458 1285 686 1340 spongiolae
725 1286 928 1339 juvenilis
960 1289 1129 1326 tantum
1163 1287 1418 1339 quibusdam
1451 1287 1555 1328 locis
1586 1290 1711 1328 extra
1742 1289 1856 1328 fron—

316 1356 412 1396 dem
462 1353 800 1408 prorumpentia,
851 1369 902 1394 cx
948 1354 1014 1394 his
1060 1354 1183 1406 quasi
1230 1354 1472 1395 crateribus
1518 1354 1655 1406 magis
1699 1355 1856 1408 magis-

317 1438 398 1475 que
431 1435 659 1463 numerosa
689 1422 947 1474 proveniunt
979 1425 1021 1462 et
1053 1422 1323 1472 fasciculata,
1357 1425 1490 1462 strato
1523 1422 1715 1463 corticali
1743 1424 1856 1464 fron-

317 1490 382 1531 dis
428 1491 541 1530 inter
587 1489 778 1530 diversos
809 1493 1002 1530 crateras
1034 1489 1104 1529 vix
1137 1490 1362 1543 conspicue
1403 1493 1584 1531 mutato.
1646 1490 1858 1531 Fasciculi

317 1561 602 1612 erumpentes,
650 1572 675 1598 a
722 1556 890 1598 cellulis
923 1558 1052 1598 strati
1085 1558 1330 1598 intermedii
1361 1558 1623 1611 adparentcr
1655 1562 1858 1599 exeuntes

317 1628 417 1681 (Ay.
450 1628 529 1668 (ab.
552 1626 755 1667 XXXII.
775 1628 932 1681 stab),
964 1627 1008 1667 in
1039 1627 1186 1668 infima
1217 1630 1341 1680 parte
1375 1630 1575 1668 constant
1606 1626 1689 1667 filis
1719 1627 1859 1667 minus

317 1695 498 1737 ramosis
544 1694 899 1746 longioribusque
946 1694 1142 1735 articulis
1185 1695 1421 1745 instructis,
1454 1694 1553 1735 dein
1586 1694 1658 1735 fila
1690 1694 1858 1736 decom-

318 1768 537 1817 ponuntur
584 1763 949 1804 numerosiorilms
996 1764 1140 1804 ramis.
1189 1777 1373 1815 quorum
1412 1763 1501 1814 alii,
1535 1763 1731 1804 articulis
1763 1763 1858 1804 bre-

319 1831 509 1872 vioribus
540 1831 583 1871 in
614 1845 742 1872 novos
765 1845 906 1872 ramos
927 1831 1127 1872 continuo
1150 1834 1445 1884 properantes,
1468 1831 1660 1884 ipsorum
1682 1845 1858 1871 numero

319 1900 443 1952 qnasi
489 1902 730 1940 extrorsum
778 1903 993 1952 coguntur
1024 1899 1124 1952 (Ay.
1157 1900 1182 1940 l.
1214 1915 1244 1939 c.
1265 1900 1342 1951 fiy.
1374 1899 1431 1952 7),
1470 1898 1546 1939 alii
1583 1898 1860 1950 simpliciores

319 1971 362 2008 et
407 1966 654 2019 prolongati
700 1967 809 2006 liunt
841 1967 1129 2015 erectiusculi,
1161 1967 1289 2008 certis
1322 1967 1540 2007 distantiis
1574 1980 1702 2006 novos
1733 1966 1858 2007 fasci-

319 2035 436 2075 culos
468 2048 683 2075 ramorum
716 2034 966 2086 generaturi
989 2035 1089 2087 (Ay.
1109 2035 1132 2075 l.
1156 2037 1273 2088 C-fifs-
1296 2035 1358 2088 ὅ).
1405 2033 1740 2087 Erumpentibus
1763 2048 1859 2075 con-

321 2102 442 2142 tinuo
480 2101 598 2141 novis
629 2100 842 2141 fasciculis
876 2115 896 2141 e
928 2102 1102 2154 regione
1134 2102 1334 2154 eruptiva
1364 2101 1497 2154 ipsius
1529 2100 1691 2142 frondis
1722 2105 1764 2142 et
1796 2101 1859 2141 di-

320 2169 458 2209 latato
491 2168 646 2209 sensim
678 2167 921 2219 sensimque
954 2169 1119 2209 ambitu
1151 2173 1369 2219 craterum
1401 2172 1529 2209 antea
1562 2168 1858 2219 formatorum,

320 2235 521 2277 increscit
561 2235 796 2288 spongiola,
829 2235 902 2276 fila
934 2236 1260 2289 prolongantur,
1292 2236 1378 2276 alia
1410 2235 1694 2277 erectiuscula
1725 2236 1858 2289 adpa-

321 2308 431 2353 rent,
464 2303 552 2344 alia
583 2306 829 2344 extrorsum
863 2307 1077 2356 coguntur
1109 2307 1152 2343 ct
1185 2317 1311 2344 cursu
1334 2303 1509 2356 obliquo
1531 2303 1859 2354 adscendentia3

321 2372 497 2413 articuli
528 2372 697 2413 filorum
729 2373 802 2423 qui
834 2376 962 2413 antea
993 2373 1168 2413 fuerunt
1202 2372 1351 2413 breves
1383 2375 1425 2413 et
1452 2372 1541 2413 fere
1562 2371 1860 2413 moniliformi-

322 2444 388 2480 ter
419 2439 647 2493 conjuncti,
680 2440 787 2480 fiunt
819 2439 1080 2493 cylindracei
1104 2443 1147 2481 et
1169 2439 1371 2493 elongati.
1423 2439 1474 2480 In
1496 2439 1711 2480 adultiore
1733 2453 1859 2492 spon-

323 2508 437 2561 giola
468 2507 546 2548 1100
579 2507 702 2548 modo
735 2507 807 2547 tila
841 2507 984 2548 onmia
1007 2507 1246 2548 subsimilia
1268 2507 1481 2560 adparent
1504 2510 1546 2548 ct
1564 2507 1859 2560 stipatissima,

323 2576 445 2628 quasi
471 2576 640 2616 unicum
674 2578 859 2615 stratum
892 2575 1138 2620 formantia,
1172 2575 1284 2628 quod
1316 2574 1586 2628 prolongatis
1620 2574 1701 2614 filis
1732 2575 1859 2614 strati

323 2643 584 2696 subjacentis
616 2642 719 2683 oriri
752 2642 961 2683 crederes.
1023 2643 1118 2684 Fila
1149 2644 1277 2684 strati
1309 2643 1539 2693 corticalis,
1571 2655 1666 2694 quae
1698 2641 1741 2681 111
1775 2646 1859 2683 ste-

322 2712 393 2752 rili
425 2711 577 2753 fronde
609 2711 805 2751 articulis
836 2712 983 2764 paucis
1015 2712 1166 2766 (fil-05)
1198 2711 1393 2764 oblongis
1424 2714 1636 2760 constant,
1667 2710 1710 2750 in
1733 2725 1859 2763 spon-

324 2779 439 2832 giola
469 2779 636 2829 desunt,
671 2782 747 2818 aut
778 2778 922 2833 potius
956 2782 1247 2820 transmutata
1278 2780 1452 2821 fuerunt
1483 2778 1527 2818 in
1558 2777 1630 2818 fila
1662 2792 1859 2820 numero-
