1937 3315
1548 200 1596 240 17

64 312 126 365 (G.
154 311 458 363 ffiaev'lh‘musm)
490 313 634 363 partes
666 309 708 350 in
739 309 918 350 somnam
952 309 1236 359 subconicam,
1268 310 1462 363 apicibus
1498 324 1603 363 pau-

62 380 192 432 lisper
223 378 558 431 (livergentibus,
590 392 687 418 mox
719 378 927 418 abeuntes
957 378 1180 419 observavi
1198 378 1251 432 *)

176 445 225 485 In
258 445 378 497 Algis
415 445 625 497 pinnatim
659 444 849 494 ramosis,
881 458 1021 485 ramos
1052 445 1164 485 infra
1194 446 1333 498 ipsum
1364 446 1529 499 apicem
1561 448 1604 486 et

64 513 211 553 ordine
235 512 520 553 adscendente
553 526 719 564 semper
750 516 867 552 ortos
899 512 998 552 vidi.
1058 513 1294 561 Quomodo
1325 513 1368 554 in
1400 513 1603 567 Cmvferva

60 581 291 632 {llonwraz‘a
334 580 588 631 jamdudum
634 579 945 620 demonstravit
978 579 1107 627 Mohl,
1140 581 1286 621 codem
1318 586 1362 622 et
1394 582 1436 622 in
1468 581 1604 622 Flori-

65 648 155 688 ‹leis
186 647 440 693 articulatis,
488 650 563 686 aut
600 645 703 685 axili
741 646 848 686 serie
887 646 928 685 in
961 645 1161 686 cellulam
1193 647 1465 688 terminalem
1495 648 1605 689 desi-

65 718 191 755 nente
222 713 460 761 instructis⁷
492 713 601 752 rami
632 712 885 752 formantur.
947 712 1131 753 Articuli
1164 714 1378 764 nimirum,
1411 716 1484 768 qui
1506 720 1606 757 sunt

64 782 177 823 infra
223 780 421 821 cellulam
469 779 751 828 terminalem,
798 780 841 819 in
886 784 1049 820 certam
1094 780 1407 833 longitudinem
1440 785 1605 825 extensi

66 866 148 891 non
194 849 308 889 ultra
357 848 632 900 elongantur;
677 847 711 887 si
743 852 994 887 accrescunt
1024 848 1220 898 ulterius,
1253 848 1340 890 alia
1371 850 1605 892 directione

64 917 374 965 extenduntur,
421 929 521 967 pars
567 918 745 954 extensa
790 914 1120 967 diaphragmate
1167 920 1395 970 separatur
1424 919 1606 970 novique

62 986 171 1026 rami
218 985 265 1024 tit
311 984 450 1036 prima
488 983 622 1034 origo.
685 982 809 1022 Rami
849 983 911 1022 ita
942 983 1034 1023 nati
1066 987 1183 1024 certo
1216 983 1305 1024 loco
1338 984 1504 1026 cellulae
1536 1000 1606 1039 ge-

65 1055 255 1095 nerantis
287 1053 501 1101 oriuntur,
539 1052 691 1104 saepius
730 1050 976 1092 immediate
1012 1051 1126 1093 infra
1147 1052 1435 1106 diaphragma
1466 1057 1607 1094 trans-

64 1121 227 1162 versale
268 1121 475 1173 superius,
508 1120 651 1160 rarius
683 1118 811 1172 paulo
842 1118 955 1159 infra
985 1119 1335 1171 (Callithanmion
1364 1122 1607 1172 armentum,

64 1189 373 1239 Dudresmtja),
407 1188 475 1228 vix
513 1188 555 1227 in
588 1186 677 1227 ulla
708 1187 845 1239 specie
878 1187 1049 1238 cognita
1079 1201 1105 1227 a
1136 1191 1259 1240 parte
1291 1187 1471 1229 dimidia
1501 1187 1608 1229 infe·

63 1258 174 1298 riore
206 1255 380 1296 articuli
412 1258 651 1308 emergunt.
698 1254 808 1295 Sunt
840 1255 1001 1307 species
1032 1255 1075 1295 in
1108 1255 1265 1307 quibus
1298 1270 1406 1296 unus
1428 1256 1608 1309 quisque

63 1324 178 1365 infra
224 1322 495 1364 terminalem
542 1321 752 1362 articulus
799 1336 966 1362 ramum
1006 1326 1204 1374 generat3
1252 1322 1346 1364 aliae
1376 1323 1420 1364 in
1452 1323 1607 1376 quibus

63 1393 275 1434 articulus
307 1392 488 1444 quisque
520 1390 743 1441 secundus,
774 1394 851 1431 aut
883 1391 1038 1432 tertius
1066 1394 1142 1432 aut
1172 1396 1354 1444 quartus
1374 1391 1417 1432 in
1439 1405 1606 1432 ramum

64 1461 286 1502 excrescit.
320 1459 369 1499 In
393 1473 547 1512 genere
569 1458 708 1499 dicere
732 1458 846 1509 licet,
866 1473 1007 1500 ramos
1024 1459 1162 1513 magis
1178 1459 1440 1511 regulariter
1457 1458 1605 1499 iisdem

64 1527 284 1568 distantiis
306 1526 542 1579 provenire,
575 1539 658 1577 quo
681 1526 1008 1578 propinquiores
1031 1530 1130 1567 sunt
1151 1526 1337 1577 articuli,
1361 1527 1433 1579 qui
1455 1527 1499 1567 in
1521 1527 1608 1567 sin-

64 1594 177 1648 gulis
209 1594 431 1647 speciebus
475 1597 576 1633 sunt
617 1594 905 1645 generatrices
936 1594 1268 1647 (comparantur
1300 1594 1378 1635 hoc
1409 1598 1608 1647 respectu

64 1665 225 1717 species
247 1664 424 1704 diversa}
445 1662 735 1704 (ullitleawm‘i
751 1665 794 1702 et
812 1661 1154 1715 Polyszysleonioe).
1188 1662 1237 1702 In
1261 1661 1476 1702 nonnullis
1498 1662 1608 1702 rami

64 1733 126 1772 ita
159 1731 346 1775 formati,
380 1731 427 1784 (a
449 1730 628 1770 diversis
653 1729 848 1770 articulis
869 1730 1188 1783 provenientes)
1219 1729 1405 1777 secundi,
1436 1729 1479 1770 in
1512 1728 1608 1770 aliis

65 1800 234 1845 alterni,
267 1799 311 1839 hi
342 1798 514 1838 distichi
546 1800 622 1837 aut
653 1810 994 1849 quoquoversum
1019 1796 1190 1848 evoluti,
1212 1797 1483 1849 proveniunt.
1528 1797 1609 1836 Ar-

65 1867 186 1908 ticuli
234 1866 392 1919 singuli
438 1868 514 1906 aut
559 1864 749 1917 singulos
796 1867 873 1904 aut
919 1864 1041 1904 binos
1087 1879 1241 1915 ramos,
1274 1864 1527 1917 plerumque
1558 1878 1610 1905 ex

65 1936 270 1989 oppositis
302 1934 511 1976 lateribus
542 1933 838 1987 provenientes
854 1932 918 1987 2¹<ss)
950 1936 1178 1985 generant,
1225 1947 1337 1973 nunc
1368 1933 1479 1973 rami
1510 1935 1610 1973 sunt

66 2005 278 2056 quaterni,
310 2007 353 2044 et
384 2004 457 2056 qui
479 2001 666 2055 ejusdem
691 2001 808 2054 paris
831 2005 932 2041 sunt
952 2001 1137 2054 oppositi
1160 2005 1202 2041 et
1223 2000 1371 2042 eodem
1393 2000 1481 2041 fere
1502 2003 1610 2041 tein—

66 2085 168 2123 pore
200 2071 304 2111 nati.
350 2069 508 2110 Mirum
540 2072 604 2109 est
636 2072 845 2121 quantum
877 2068 993 2108 intra
1014 2068 1127 2108 idem
1149 2068 1292 2109 Genus
1314 2067 1611 2109 Callithamnii

68 2139 227 2192 species
263 2138 441 2179 diversae
479 2136 803 2178 ramificationis
838 2150 986 2176 norma
1020 2137 1209 2187 variant,
1256 2140 1305 2176 ut
1335 2136 1482 2189 paucis
1514 2150 1609 2176 con-

68 2207 230 2257 sistam,
277 2222 298 2248 e
344 2207 544 2256 sectione,
591 2218 684 2257 qua*
731 2205 863 2245 ramis
907 2204 1114 2257 oppositis
1145 2207 1210 2245 est
1240 2204 1434 2257 insignis,
1474 2217 1611 2257 pauca

160 2366 194 2410 ²³)
220 2365 513 2399 Trichotomiam
553 2368 616 2397 aut
653 2364 982 2407 polyehotomiam,
1009 2365 1118 2398 modo
1144 2365 1396 2405 dichotomiae,
1423 2364 1610 2399 divisione

70 2424 217 2458 cellulae
246 2422 456 2455 terminalis
485 2425 619 2462 ortam,
647 2431 828 2462 nusquam
857 2420 959 2453 inter
978 2420 1174 2455 Florideas
1195 2422 1375 2456 obvenire
1395 2426 1497 2465 puto.
1540 2420 1611 2455 Ubi

70 2480 164 2514 rami
191 2481 211 2511 3
237 2481 301 2511 aut
339 2478 466 2521 plures
506 2476 727 2510 verticillati
761 2476 797 2508 in
831 2477 889 2509 axi
927 2477 1147 2510 terminales
1175 2478 1378 2521 aliquando
1404 2476 1612 2511 obveniunt

72 2540 146 2581 (ex.
175 2548 231 2580 gr.
259 2535 456 2568 involucra
482 2532 734 2575 Griffithsiae),
762 2532 800 2566 hi
827 2533 900 2566 alio
926 2534 1035 2567 modo
1062 2534 1124 2568 vix
1151 2534 1263 2568 dubie
1289 2534 1512 2568 formantur.

162 2605 216 2647 ²¹)
244 2603 450 2638 Rarissime
478 2602 627 2636 obtinet
655 2604 695 2634 ut
722 2613 768 2634 ex
796 2602 956 2646 singulis
978 2604 1148 2636 articulis
1168 2603 1206 2636 in
1227 2603 1357 2636 eodem
1377 2603 1497 2636 latere
1517 2613 1611 2635 unus

72 2664 167 2698 infra
195 2663 355 2695 alterum
384 2672 509 2693 ramus
539 2659 753 2696 evolvatur:
780 2659 818 2692 in
846 2660 1110 2693 (f'all'e'thmmzio
1135 2659 1300 2693 australi
1324 2659 1474 2692 unicum
1502 2658 1611 2701 hujus

73 2720 285 2763 exemplum
318 2729 374 2750 ine
404 2716 544 2750 vidisse
572 2714 738 2748 memini.
788 2716 829 2748 In
856 2715 1052 2749 frondibus
1081 2727 1170 2749 vero
1196 2715 1419 2759 repentibus
1445 2715 1609 2748 radicem

73 2775 273 2820 provenire
308 2785 352 2807 ex
381 2777 488 2816 parte
514 2771 694 2804 inferiore
722 2771 888 2814 ejusdcm
916 2772 1079 2809 articuli,
1105 2772 1210 2815 cujus
1237 2783 1257 2804 a
1282 2774 1390 2815 parte
1418 2770 1612 2814 superiore

75 2844 197 2866 ramus
236 2830 368 2865 oritur,
407 2827 709 2872 qnamlmluidem
748 2827 824 2861 vidi
852 2849 891 2853 μ
924 2829 961 2861 in
1000 2828 1262 2862 Gallitlmmm'o
1290 2828 1438 2861 baccam
1478 2826 1520 2869 (I
1541 2826 1612 2870 Ay.

80 2881 222 2931 O'fvers.
250 2887 296 2929 af
328 2886 401 2919 Vel.
430 2885 499 2918 Alc.
526 2882 669 2917 Hmzdl.
698 2885 793 2917 1870
821 2883 890 2917 tab.
920 2883 991 2921 H).
1020 2883 1056 2916 in
1085 2883 1266 2917 Lecce'llea
1293 2882 1465 2926 aliisque.

1503 2951 1522 2983 2
