1937 3315
1580 168 1655 207 117

117 279 392 320 interioribus
424 279 695 333 egredientes
726 277 814 318 fere
842 277 968 318 unica
990 278 1097 319 serie
1119 277 1374 330 dispositas3
1406 278 1449 319 in
1471 278 1657 320 cavitate

118 347 320 387 interiore
352 347 426 388 fila
457 348 667 397 tenuiora,
700 346 870 386 diversa
901 345 1135 386 directione
1168 346 1454 395 excurrentia,
1486 345 1530 386 in
1552 358 1656 386 non-

118 414 246 454 nullis
292 414 511 467 speciebus
557 418 599 455 ct
638 414 681 455 in
716 412 915 467 partibus
949 412 1192 465 junioribus
1224 412 1451 466 sparsiora,
1484 412 1528 452 in
1559 411 1656 453 aliis

117 485 159 522 ct
190 482 232 522 in
254 482 451 535 partibus
484 481 773 522 adultioribus
804 480 1096 521 numerosiora
1127 480 1296 520 adsunt.
1360 478 1656 521 Membranam

117 550 372 590 exteriorem
405 550 447 590 in
480 550 544 590 liis
578 549 828 602 primariam
860 551 903 589 et
934 562 959 588 a
991 562 1075 600 qua
1096 547 1302 601 penderet
1322 547 1486 588 frondis
1504 546 1655 597 forma,

117 615 242 656 facile
281 617 375 668 quis
408 615 615 657 crederet.
677 614 828 655 Partes¹
862 628 959 655 vero
992 614 1221 655 admodum
1248 614 1460 665 juveniles
1492 613 1656 655 frondis

116 683 359 736 inspicienti
405 683 617 735 adpareat
662 682 955 722 membranam
1000 682 1167 722 firmam
1214 682 1470 723 exteriorem
1508 695 1533 722 a
1570 681 1655 721 filis

117 750 394 791 verticalibus
431 749 731 790 transmutatis
763 748 878 788 oriri.
940 747 1008 787 Ita
1039 748 1083 788 in
1118 747 1236 788 tenui
1269 752 1488 801 segmento
1519 748 1656 801 longi-

116 817 302 858 tudinali
345 817 425 857 1171.
458 820 606 857 tencrcc
651 815 738 856 vidi
775 814 953 855 cellulas
991 815 1214 856 corticales
1246 815 1420 857 ultimos
1451 815 1656 857 articulos

114 886 372 926 constituere
403 885 447 925 in
478 884 561 924 filis
594 883 795 924 brevibus
826 882 1114 931 corticalibus,
1148 896 1242 934 quae
1274 883 1406 923 ramis
1436 883 1656 936 paulisper

113 952 437 1004 divergentibus
482 951 660 992 cellulas
706 949 890 990 extimas
937 949 1059 1002 quasi
1091 949 1316 989 sustinent.
1361 949 1426 993 ,In
1457 950 1656 1003 partibus

113 1020 322 1074 supremis
355 1023 396 1060 et
427 1020 611 1059 maxime
638 1017 903 1071 juvenilibus
936 1015 1166 1057 fasciculus
1195 1015 1321 1056 axilis
1342 1016 1465 1057 adest
1487 1017 1656 1059 filorum

113 1088 474 1137 tenuissimorum,
507 1100 600 1138 quae
632 1086 782 1139 spatiis
805 1084 1042 1137 interjectis
1066 1098 1185 1126 secus
1208 1084 1524 1137 longitudinem
1545 1086 1656 1126 rami

112 1158 347 1196 excurrunt
392 1154 575 1207 singula,
614 1158 660 1194 at
697 1153 1040 1195 anastomosibus
1072 1153 1252 1193 invicem
1279 1152 1452 1205 juncta3
1483 1155 1527 1193 et
1556 1152 1656 1192 huic

111 1222 316 1263 fasciculo
347 1222 449 1262 axili
481 1221 555 1262 fila
586 1221 812 1262 verticalia
843 1234 996 1268 ramos,
1030 1224 1274 1261 extrorsum
1307 1226 1524 1267 exeuntes,
1557 1233 1654 1260 con-

112 1291 312 1332 stituunt.
373 1290 422 1330 In
460 1289 551 1343 ipso
588 1289 707 1343 apice
738 1288 906 1329 frondis
937 1288 1111 1329 articuli
1142 1288 1312 1329 filorum
1344 1287 1524 1329 axilium
1555 1289 1657 1327 sunt

111 1358 365 1409 abbreviati,
405 1361 448 1399 et
485 1373 580 1399 cuin
612 1357 806 1398 articulis
838 1356 1009 1398 filorum
1041 1356 1309 1398 corticalium
1339 1355 1429 1397 fere
1462 1355 1654 1397 conveni-

111 1430 230 1468 entes
274 1426 412 1479 magis
459 1426 696 1476 rotundati,
729 1439 862 1477 quare
895 1439 1065 1478 quoque
1097 1425 1458 1477 adproximantur
1490 1421 1653 1463 cellulae

111 1508 253 1536 omnes
274 1519 320 1522 —
347 1497 613 1534 structuram
645 1493 883 1547 Gigartinae
914 1494 1052 1546 magis
1085 1507 1215 1545 quam
1235 1492 1501 1546 Halymeniae
1523 1503 1653 1529 aemu-

110 1562 262 1603 lantes.
308 1560 415 1601 Dein
448 1575 560 1611 vero,
583 1561 780 1601 articulis
802 1560 971 1601 filorum
993 1560 1172 1600 axilium
1196 1560 1349 1600 sensim
1371 1556 1651 1611 prolongatis,

111 1631 155 1671 in
199 1629 400 1683 partibus
445 1629 573 1681 paulo
619 1628 909 1670 adultioribus
955 1627 1072 1669 frons
1118 1628 1168 1668 fit
1205 1626 1418 1673 tribulosa,
1450 1626 1493 1664 et
1523 1623 1652 1676 paulo

110 1698 226 1739 infra
257 1697 422 1750 apicem
454 1700 719 1738 structuram
751 1697 968 1739 Cm‘cnclloe
1000 1695 1146 1746 (Klete.
1178 1695 1259 1736 tab.
1292 1696 1343 1733 76
1373 1691 1473 1737 IV.)
1505 1691 1652 1732 refert.

112 1766 306 1814 Demum,
338 1765 380 1805 in
413 1764 612 1817 partibus
643 1764 785 1805 adhuc
807 1763 1098 1811 inferioribus,
1122 1759 1292 1803 articuli
1314 1758 1541 1812 penultimi
1562 1758 1652 1799 filo-

111 1848 204 1874 rum
237 1832 506 1873 corticalium
538 1831 782 1872 dilatantur
812 1831 855 1872 in
887 1830 1064 1871 cellulas
1096 1840 1273 1880 magnas
1294 1826 1503 1879 oblongas
1525 1826 1653 1867 strati

111 1900 432 1950 subcorticalis3
465 1900 578 1952 quod
611 1913 780 1953 quoque
812 1899 1041 1940 succrescit
1070 1894 1264 1937 crassitie
1295 1895 1339 1935 in
1371 1894 1522 1936 fronde
1544 1893 1650 1935 infe-

111 1970 236 2019 riore,
284 1968 481 2022 pluribus
527 1968 683 2009 sensim
731 1967 929 2008 articulis
961 1962 1310 2015 antepenultimis
1349 1962 1496 2003 eodem
1527 1961 1651 2003 modo

111 2036 429 2078 transmutatis.

223 2105 273 2145 In
304 2105 575 2145 Lomentaria
609 2106 651 2144 et
681 2103 884 2154 Cleamffl‘a
916 2099 1067 2150 (Harv.
1100 2100 1203 2140 Ner.
1235 2102 1370 2139 awti:
1399 2099 1479 2139 tab.
1501 2098 1651 2149 XXX,

112 2175 240 2215 Κίὶΐῑ.
274 2172 405 2224 Phys«.
437 2173 516 2212 tal).
549 2174 619 2221 521)
666 2173 884 2210 structura
929 2166 1114 2216 obvenit,
1161 2179 1254 2218 quae
1292 2165 1347 2205 ab
1385 2178 1435 2205 ea
1465 2165 1651 2206 aliarum

112 2242 409 2284 Floridearum
456 2241 683 2282 admodum
728 2238 897 2278 diversa
934 2235 1168 2276 videretur.
1229 2234 1364 2275 Frons
1395 2233 1508 2274 enim
1540 2236 1651 2273 tere-

111 2310 296 2351 tiuscula
341 2313 383 2350 et
426 2309 628 2349 tribulosa
659 2305 786 2346 certis
817 2304 1038 2344 distantiis
1069 2307 1133 2344 est
1164 2302 1385 2342 subdivisa
1416 2300 1650 2352 diaphrag-

111 2376 299 2417 matibus
344 2372 716 2417 transversalibus,
751 2385 845 2423 quze
883 2370 1072 2411 externis
1105 2369 1321 2409 stricturis
1354 2381 1521 2421 quoque
1553 2381 1649 2407 con-

112 2445 258 2498 spicua
302 2442 424 2482 fiunt.
484 2440 595 2480 Dum
635 2453 734 2479 vero
766 2439 809 2478 in
841 2437 962 2490 Algis
994 2437 1165 2489 proprie
1198 2435 1444 2476 articulatis
1474 2433 1649 2474 articuli

112 2511 353 2552 formantur
398 2505 575 2557 singulis
621 2503 800 2547 cellulis,
833 2502 1008 2543 articuli
1041 2502 1326 2543 Lomentarize
1359 2504 1402 2541 et
1433 2500 1649 2553 Champiae

111 2577 429 2620 constituuntur
475 2571 672 2625 plurimis
719 2569 884 2610 cellulis
929 2570 1106 2610 minutis
1143 2569 1291 2611 (K‘e'itz.
1323 2568 1452 2621 Phys.
1485 2568 1564 2608 tab.
1596 2571 1649 2608 54

99 2648 172 2699 fiy.
202 2647 275 2693 145
306 2642 385 2692 Ass.
417 2640 495 2680 tab.
530 2638 658 2679 XIX.
680 2640 754 2690 fill-
786 2638 844 2687 9),
892 2651 1075 2690 quarum
1107 2635 1200 2677 aliae
1233 2636 1419 2689 parietes
1450 2639 1648 2676 externos

110 2711 288 2759 frondis,
320 2709 414 2750 aliae
446 2707 782 2760 diaphragmata
812 2706 1021 2747 interiora
1052 2704 1261 2753 efficiunt3
1294 2703 1390 2744 aliae
1414 2717 1583 2755 quoque
1605 2703 1647 2743 in

110 2779 184 2821 fila
228 2777 436 2818 interiora
482 2777 807 2827 componuntur,
855 2786 949 2825 quae
992 2772 1163 2813 interna
1194 2771 1335 2823 spatia
1367 2770 1649 2811 articulorum

110 2843 485 2898 longitudinaliter
530 2854 790 2895 percurrere·
822 2840 1035 2890 videntur,
1067 2839 1188 2893 quasi
1220 2838 1554 2892 diaphragmata
1584 2837 1649 2878 di-
