1937 3315
292 229 345 269 92

293 340 416 382 modo
448 339 646 379 oriantur
677 336 975 390 Sphagnorum
1009 337 1174 379 cellulae
1206 337 1398 386 diversae.
1450 336 1494 379 Si
1514 338 1627 381 inter
1649 340 1837 393 parietes

291 405 630 459 longitudinales
663 405 901 446 vicinarum
935 406 1189 448 cellularum
1220 405 1476 455 formantur,
1500 406 1601 460 ipsae
1623 407 1836 461 elongatae

292 490 402 515 nunc
448 474 607 514 forinas
653 471 845 513 referant
890 472 1148 514 cellularum
1193 473 1566 527 prosenchymatis
1602 474 1646 515 in
1676 474 1837 527 plantis

289 541 583 595 superioribus
613 540 713 593 (cfr.
744 541 787 581 in
819 541 1120 594 Polysefflwm'a
1150 542 1350 583 Ilffuclleri
1378 541 1460 594 Ay.
1486 542 1581 583 Tab.
1605 542 1834 584 XXXIII.

276 612 351 663 fil]-
385 613 409 651 1
426 610 466 661 (Z,
497 612 540 650 et
572 609 615 650 in
649 609 905 651 Rhodomela
934 611 1133 664 sulffiasca
1153 611 1282 652 Kaeitz.
1306 609 1434 663 Playc.
1456 610 1536 651 tab.
1559 611 1615 651 53
1636 610 1669 651 I
1673 610 1713 652 V
1713 610 1788 664 fiyss
1810 614 1836 652 5

289 678 322 718 si
369 676 541 730 quidem
587 676 631 717 in
668 676 734 717 his
770 676 935 718 cellulae
968 678 1103 720 axiles
1133 692 1285 719 revera
1315 677 1637 719 constituantur
1667 677 1835 719 cellulis

288 743 679 798 interstitialibus).
740 744 841 793 Quae
873 744 1058 797 denique
1089 746 1131 786 in
1162 745 1464 796 Jeamaerettzssa,
1497 744 1574 786 sub
1606 744 1745 786 forma
1766 759 1835 787 ve—

288 825 441 852 narum
472 810 738 851 radiantium
769 811 1005 852 obveniunt
1035 812 1108 853 fila
1138 812 1360 862 interiora,
1392 811 1461 853 1110
1481 811 1570 853 11110
1591 812 1837 855 dichotoma

287 879 387 932 (Ay.
424 879 517 919 Tab.
553 877 782 919 XXXIII.
802 880 878 932 figy.
910 882 971 921 23
990 880 1038 933 a)
1082 879 1172 921 fere
1218 879 1382 921 diceres
1426 894 1504 921 sua
1549 880 1688 922 forma
1718 884 1835 923 exte-

287 949 400 990 riore
438 948 582 1001 potius
617 947 780 989 referre
813 961 916 989 vasa
948 947 1149 989 laetifera
1180 947 1431 1001 plantarum
1463 948 1735 1001 quarundam
1766 964 1834 991 su-

287 1017 518 1070 periorum.

399 1084 498 1126 Jam
544 1098 675 1137 supra
720 1084 909 1126 indicavi
954 1084 1243 1126 endochroma
1286 1083 1546 1125 cellularum
1577 1085 1834 1127 interstitia-

286 1152 393 1193 lium
424 1152 580 1206 saepius
611 1166 701 1194 esse
731 1152 869 1206 magis
892 1153 1214 1206 homogeneum,
1237 1152 1361 1205 quasi
1383 1152 1636 1194 consisteret
1658 1152 1835 1195 humore

287 1220 465 1272 liquido.
526 1220 640 1262 Raro
672 1220 785 1262 idem
818 1221 903 1262 vidi
936 1221 1059 1274 quasi
1091 1220 1303 1274 separatis
1335 1219 1520 1273 guttulis
1541 1224 1619 1261 aut
1640 1220 1835 1274 granulis

287 1288 471 1329 radiatis
518 1290 713 1329 constare
760 1288 859 1342 (cfr.
895 1288 976 1341 Ay.
1012 1289 1106 1330 Ταῦ.
1141 1287 1371 1329 ΧΧΧΙΙΙ.
1392 1288 1468 1341 figy.
1499 1289 1597 1330 232)
1628 1288 1698 1341 fig.
1733 1288 1834 1329 sini-

288 1358 414 1412 stra).
461 1356 505 1398 Si
535 1357 613 1398 1100
644 1360 890 1410 praeparato
921 1357 1158 1398 indicatum
1179 1356 1399 1410 putaveris
1421 1355 1706 1397 endochroma
1729 1355 1835 1397 oriri

288 1426 584 1467 minutissimis
615 1426 886 1479 portionibus
917 1429 960 1467 et
992 1426 1146 1467 sensim
1178 1425 1419 1477 sensimque
1451 1424 1638 1476 parietes
1667 1438 1834 1477 perme-

287 1493 473 1542 antibus,
508 1494 577 1534 vix
609 1492 777 1546 aliquid
809 1493 983 1534 obstare
1018 1493 1249 1543 videretur,
1283 1492 1386 1545 quin
1417 1494 1460 1532 et
1490 1491 1675 1533 minores
1704 1492 1833 1533 endo-

287 1561 520 1602 chromatis
541 1560 758 1614 portiones
781 1560 1076 1601 membranam
1098 1559 1358 1601 ambientem
1379 1558 1461 1599 sibi
1483 1562 1693 1600 crearent.
1731 1559 1833 1610 Quae

287 1630 322 1670 si
367 1630 430 1670 ita
475 1629 574 1680 sint,
606 1628 752 1670 forsan
784 1629 864 1670 1100
896 1629 1020 1670 inodo
1052 1628 1336 1682 explicaveris
1366 1627 1666 1681 apparentiam
1697 1641 1832 1680 quan-

286 1697 386 1739 dam
417 1696 672 1738 cellularum
703 1697 981 1748 minutarum,
1005 1710 1100 1750 quae
1121 1697 1235 1738 inter
1255 1696 1466 1749 siphones,
1489 1698 1566 1736 aut
1586 1695 1700 1737 inter
1717 1695 1832 1749 ipsas

286 1764 531 1807 lamellulas
577 1764 770 1817 parietis,
819 1765 1127 1818 Polysfffleomfoe
1164 1764 1400 1805 cancellatae
1438 1766 1481 1804 et
1511 1762 1708 1804 affinium
1740 1777 1832 1816 spe-

287 1834 447 1875 cierum
494 1832 610 1874 haud
656 1847 757 1874 raro
802 1833 1185 1887 deprehenduntur
1223 1831 1321 1886 (cfr.
1358 1831 1438 1884 Ay.
1474 1832 1566 1873 Tab.
1601 1830 1831 1872 XXXIII.

274 1902 350 1955 fiy.
382 1902 442 1955 8).
504 1901 612 1942 Sunt
658 1901 730 1954 qui
777 1901 886 1942 hanc
932 1901 1187 1943 cellularum
1232 1899 1533 1953 apparentiam
1571 1898 1831 1952 explicatam

287 1968 515 2011 voluerunt
559 1966 792 2020 praesentia
829 1968 1074 2020 parasiticae
1107 1967 1281 2020 plantae,
1314 1979 1410 2018 quae
1440 1965 1637 2007 frondem
1668 1965 1830 2020 Polysi-

286 2036 455 2090 phoniae
486 2035 618 2076 variis
650 2034 957 2076 directionibus
988 2035 1256 2088 pervaderet.

401 2103 450 2157 d)
480 2102 546 2144 De·
582 2103 743 2143 cellulis
774 2104 890 2143 ‘iutra
921 2107 1137 2144 maternas
1167 2103 1339 2144 cellulas
1369 2102 1506 2154 massis
1536 2101 1775 2142 immediate
1805 2116 1832 2142 a

278 2172 612 2224 protoplasma&
631 2171 852 2224 formatis,
886 2172 946 2211 ita
975 2175 1021 2211 ut
1051 2171 1292 2212 membrana
1322 2170 1477 2211 cellule&
1506 2172 1705 2210 maternae
1734 2183 1831 2210 nus-

287 2254 412 2292 quam
431 2242 602 2291 partem
632 2251 744 2279 nome
774 2238 929 2279 cellula)
959 2239 1195 2279 coms-tama.
1239 2238 1336 2279 Jam
1359 2240 1487 2278 antea
1508 2237 1711 2278 adnotavi
1733 2237 1831 2278 sub-

288 2307 508 2357 stantiam,
547 2320 678 2359 quam
715 2320 810 2347 cum
842 2306 1181 2360 protoplasmate
1212 2303 1398 2347 aliarum
1430 2305 1681 2359 plantarum
1711 2305 1830 2346 iden-

288 2376 418 2416 ticam
457 2375 602 2425 habui,
635 2374 679 2415 in
709 2374 877 2416 cellulis
910 2374 941 2414 F
944 2375 1207 2416 loridearum
1239 2374 1400 2416 adesse.
1461 2374 1511 2414 In
1543 2373 1710 2415 cellulis
1740 2388 1830 2414 ma-

284 2443 451 2498 joribus
497 2456 608 2483 nunc
654 2442 731 2484 sub
777 2443 917 2484 forma
962 2444 1089 2485 strati
1127 2443 1324 2496 amorphi
1355 2442 1565 2496 parietem
1597 2440 1831 2484 accolentis

287 2511 472 2562 obvenit,
518 2525 629 2552 nunc
674 2511 717 2552 in
756 2511 829 2553 fila
865 2511 1128 2553 distrahitur
1159 2510 1542 2562 anastomosantia,
1573 2524 1754 2564 quorum
1785 2509 1829 2550 in

249 2592 253 2596 ·
287 2577 409 2619 nodis
440 2577 679 2630 granulosae
710 2579 1031 2632 coagulationes
1061 2579 1410 2633 quandoquidem
1441 2581 1629 2620 exstant.
1674 2577 1724 2618 In
1745 2577 1828 2618 cel—

288 2645 388 2687 lulis
429 2645 693 2699 juvenilibus
736 2646 1030 2700 protoplasma
1062 2647 1206 2689 forsan
1236 2647 1468 2689 maximam
1499 2649 1668 2700 partem
1699 2645 1827 2686 endo-

287 2713 518 2755 chromatis
551 2715 799 2756 constituat.
860 2714 984 2757 Jodio
1015 2716 1212 2770 adposito
1243 2715 1540 2770 protoplasma
1560 2713 1742 2757 colorem
1764 2711 1827 2756 di-

286 2782 377 2823 lute
407 2781 620 2822 lutescens
651 2795 866 2823 assumere
898 2782 998 2823 vidi.

401 2847 486 2888 Ubi
530 2848 826 2902 protoplasma
870 2848 1067 2890 nucleum
1113 2849 1251 2903 inagis
1295 2848 1517 2890 definitum
1563 2847 1826 2901 formaverit,

288 2929 404 2958 novae
435 2915 599 2957 cellulae
630 2916 685 2957 ab
716 2916 794 2957 hoc
826 2940 877 2944 —
909 2920 1037 2958 antea
1068 2916 1285 2958 subdiviso
1316 2941 1369 2946 —
1401 2914 1552 2969 saepius
1582 2914 1726 2958 forsan
1757 2917 1824 2958 in-
