1937 3315
282 197 336 236 94

282 310 408 348 tenue
439 306 624 345 stratum
655 301 827 342 filorum
857 302 1272 343 anastomosantium
1294 302 1471 354 videbis,
1494 305 1618 356 quasi
1638 318 1663 345 a
1687 306 1825 345 strato

282 371 474 413 corticali
496 369 691 423 quaedam
714 368 787 409 fila
809 368 1061 410 introducta
1081 369 1261 410 fuissent
1283 369 1382 423 (Ay.
1411 371 1504 412 Ταῦ.
1530 371 1743 426 Xlllfiy.
1762 372 1823 425 3).

281 440 372 480 Hoc
417 437 557 479 stadio
604 437 739 490 igitur
785 436 949 477 cellulae
994 450 1161 490 magnae
1206 437 1395 491 undique
1438 439 1617 481 reticulo
1654 440 1825 481 filorum

282 505 632 548 moniliformium
665 505 1010 556 circumdantur3
1046 509 1090 547 et
1120 519 1262 547 ramos
1293 520 1438 548 coecos
1469 522 1493 547 a
1523 507 1705 549 reticulo
1736 522 1825 549 am-

282 575 423 615 biente
456 574 641 622 emissos,
674 574 789 626 ipsas
821 573 1094 615 membranas
1126 574 1274 615 molles
1305 579 1349 616 et
1380 575 1641 628 gelatinosas
1662 576 1827 616 intrare

281 641 458 683 videbis.
519 640 611 690 Quo
657 640 875 682 densiores
920 641 1029 682 fiunt
1074 642 1183 682 rami
1230 642 1466 684 introducti
1511 645 1555 684 et
1596 643 1826 684 reticulum

279 709 486 760 ambiens,
532 722 580 750 eo
622 709 760 762 magis
791 708 1064 750 obsolescunt
1094 711 1282 763 parietes
1313 711 1569 752 cellularum
1601 711 1826 764 majorum,

280 776 405 829 quasi
436 775 777 817 dissolverentur
807 776 946 829 magis
967 777 1204 829 magisque.
1252 777 1552 820 Endochroma
1574 778 1827 820 cellularum

279 844 505 896 majorum,
538 842 653 895 quod
684 843 898 896 praecipue
930 844 1271 897 protoplasmate
1303 848 1499 886 constare
1532 845 1743 896 videatur,
1775 860 1828 886 ex

280 911 584 965 speciminibus
616 924 709 964 quae
740 911 959 952 exsiccata
991 911 1181 962 fuerunt,
1214 912 1467 966 plerumque
1499 914 1543 954 111
1573 914 1714 954 media
1745 913 1828 954 cel-

279 980 372 1022 lula
401 980 639 1035 collapsum
670 984 865 1034 apparet,
898 981 1010 1021 unde
1043 984 1171 1021 tenue
1204 984 1474 1034 segmentum
1507 981 1685 1032 frondis,
1714 981 1828 1035 quod

279 1049 465 1090 mediam
502 1048 705 1090 cellulam
736 1063 820 1090 non
852 1048 1066 1102 attigerit,
1100 1048 1209 1089 hanc
1242 1062 1352 1102 saepe
1384 1062 1563 1090 vacuam
1594 1053 1828 1099 monstratj,

279 1117 514 1171 aliquando
559 1131 673 1168 vero,
719 1131 771 1158 ex
818 1117 923 1158 bene
969 1118 1226 1170 praeparatis
1273 1117 1586 1170 specii‘ninibus,
1618 1117 1828 1170 plasmam

280 1186 367 1227 vidi
399 1199 616 1227 assumere
647 1185 843 1236 formam,
876 1199 1006 1238 quam
1038 1186 1080 1225 in
1113 1186 1277 1227 recenti
1309 1185 1466 1227 cellula
1497 1187 1570 1227 vix
1601 1186 1729 1226 dubie
1751 1186 1827 1226 ha-

280 1254 443 1305 buerit;
475 1254 677 1295 nimirum
709 1256 906 1295 constare
937 1253 1025 1294 vidi
1055 1253 1138 1294 filis
1170 1254 1432 1294 tenuissimis
1463 1253 1761 1295 arachnoideis
1784 1254 1827 1294 111

280 1322 523 1373 reticulum,
569 1322 685 1375 quod
730 1325 869 1363 10111111
916 1321 1059 1362 lumen
1105 1321 1289 1363 interius
1333 1321 1545 1375 pervadit,
1589 1322 1828 1375 conjunctis

280 1391 380 1444 (Ay.
417 1391 511 1432 Ταῦ.
547 1390 681 1432 XIII.
702 1390 779 1443 fiy.
810 1391 867 1443 5).
929 1390 965 1430 A
996 1390 1196 1443 partibus
1228 1389 1413 1439 reticuli,
1446 1403 1540 1442 quae
1573 1389 1732 1442 parieti
1763 1389 1827 1429 in-

281 1464 404 1501 terne
450 1459 715 1509 accoluntur,
761 1458 869 1499 rami
918 1459 1030 1499 coeci
1075 1459 1264 1511 parietes
1309 1458 1489 1508 intrant,
1529 1457 1684 1510 quibus
1714 1457 1829 1498 obvii

281 1529 389 1569 fiunt
434 1530 543 1569 rami
576 1542 602 1569 a
632 1528 715 1569 filis
761 1527 1050 1569 exterioribus
1094 1527 1407 1580 provenientes.
1467 1525 1516 1566 In
1553 1526 1718 1579 pariete
1750 1525 1828 1566 hoc

281 1595 421 1637 stadio
452 1597 523 1637 vix
555 1596 607 1637 de
638 1596 754 1650 poris
785 1596 927 1637 dicere
948 1595 1068 1646 licet3
1100 1595 1203 1649 ipsis
1225 1595 1308 1636 filis
1328 1594 1682 1648 protoplasmatis
1704 1594 1829 1646 quasi

280 1664 416 1716 pervii
461 1667 673 1718 apparent
718 1664 906 1718 parietes
952 1663 1196 1717 gelatinosi.
1254 1663 1379 1705 Jodio
1410 1663 1606 1717 adposito
1638 1663 1725 1703 vidi
1756 1662 1830 1703 fila

280 1731 634 1786 protoplasmatis
657 1732 865 1774 interiora
887 1745 1103 1773 assumere
1125 1732 1311 1773 colorem
1333 1731 1614 1773 lutescentem
1637 1756 1687 1760 —-
1711 1730 1830 1771 velut

281 1799 620 1841 endochromata
651 1799 694 1840 in
724 1799 812 1839 filis
843 1800 1028 1840 maxime
1056 1799 1321 1852 juvenilibus
1353 1799 1481 1840 strati
1512 1797 1730 1840 corticalis
1762 1812 1829 1848 ——3

282 1867 563 1908 interioribus
595 1870 637 1907 et
667 1866 958 1907 adultioribus
991 1867 1073 1907 filis
1104 1868 1231 1907 strati
1254 1867 1469 1907 corticalis
1491 1866 1829 1908 fuscescentibus

281 1939 325 1976 et
369 1936 539 1977 demum
585 1935 988 1977 coerulescentibus.
1050 1935 1172 1976 Inter
1209 1935 1437 1976 reticulum
1469 1935 1661 1976 exterius
1691 1938 1734 1975 et
1765 1935 1827 1976 in—

282 2004 430 2053 terius,
478 2018 571 2057 quae
610 2007 796 2057 utraque
828 2003 961 2044 ramis
992 2003 1156 2044 emissis
1188 2004 1376 2056 parietes
1407 2003 1662 2044 cellularum
1693 2003 1826 2055 majo-

282 2085 377 2111 rum
416 2070 675 2125 pervadunt,
712 2071 790 2112 hoc
821 2070 945 2111 modo
976 2069 1225 2111 differentia
1256 2070 1487 2111 admodum
1518 2070 1698 2123 insignis
1729 2084 1827 2110 con-

282 2139 504 2192 spiciatur.

394 2205 672 2261 Cystocarpia
718 2206 960 2259 Polyeoelioe
997 2206 1240 2246 formantur
1271 2206 1313 2246 111
1344 2205 1486 2246 media
1516 2205 1681 2255 fronde,
1712 2204 1829 2245 intra

282 2275 473 2328 singulas
505 2275 682 2316 cellulas
713 2274 1037 2316 lacunaesormcs
1069 2274 1260 2327 singulm
1293 2277 1336 2315 et
1366 2273 1531 2315 cellulae
1552 2272 1718 2314 fertiles
1738 2273 1827 2325 ple-

282 2357 464 2396 rumque
506 2343 689 2384 ⁴invicem
727 2343 825 2396 plus
864 2343 1007 2383 111111118
1039 2341 1217 2383 distant.
1278 2342 1339 2383 De
1370 2342 1535 2395 origine
1566 2341 1735 2382 fructus
1766 2341 1829 2381 ita

282 2411 354 2451 vix
384 2410 486 2451 licet
516 2424 677 2452 errare.
724 2409 954 2451 Structura
985 2410 1241 2462 cystocarpii
1274 2409 1362 2450 ferc
1394 2409 1542 2450 eadem
1574 2412 1638 2450 est
1669 2423 1763 2462 quae
1786 2409 1827 2449 iu

282 2477 597 2530 Galloplcyllichn
661 2477 783 2519 Intra
828 2477 1001 2531 plexum
1047 2477 1230 2528 filorum,
1278 2490 1539 2531 unaquaque
1569 2476 1659 2518 fere
1691 2476 1827 2517 direc-

283 2547 395 2586 tione
427 2546 762 2596 excurrentium,
795 2545 1011 2586 numerosi
1043 2549 1310 2598 generantur
1340 2544 1537 2594 1111010011Ἶ
1554 2544 1827 2597 paucioribus

283 2613 523 2667 gemmidiis
553 2613 798 2663 constituti,
830 2612 903 2653 fila
935 2626 1029 2664 quae
1050 2612 1249 2653 nucleum
1273 2615 1426 2661 totum,
1449 2613 1513 2653 ita
1533 2611 1824 2664 compositum,

283 2682 474 2733 cingunt,
513 2684 614 2721 sunt
644 2680 857 2722 diametro
887 2680 1109 2733 paulisper
1140 2680 1330 2730 ‹liversa3
1376 2680 1593 2720 exteriora
1624 2678 1825 2718 nimirum

285 2749 411 2801 paulo
443 2749 657 2789 crassiora
688 2762 818 2800 quam
851 2748 1059 2788 interiora
1090 2748 1190 2801 (Ay.
1228 2749 1325 2789 Tah.
1359 2747 1493 2788 XIII.
1513 2747 1591 2800 fiq.
1621 2746 1684 2799 (ἶ).

395 2816 585 2868 Cellulae,
632 2818 674 2857 111
720 2816 875 2870 quibus
920 2816 1088 2856 fructus
1124 2820 1352 2869 parantur,
1392 2815 1554 2855 habent
1584 2813 1825 2866 protoplas-

284 2885 412 2924 matis
456 2888 547 2925 rete
579 2886 811 2936 internum,
842 2887 891 2925 ut
922 2884 1026 2924 mihi
1059 2884 1276 2938 adparuit,
1308 2884 1445 2936 magis
1476 2881 1693 2923 evolutum
1723 2882 1824 2934 (Ay.
