1937 3315
281 190 357 230 116

276 313 388 339 mam
420 311 505 349 qua
536 300 762 342 exsiccatae
787 310 944 349 aquam
966 296 1200 347 imbibunt3
1233 297 1331 337 hinc
1353 312 1610 352 magnopere
1638 300 1820 352 grande—

276 369 454 414 scentes,
499 378 597 404 mox
629 364 672 403 111
704 363 941 415 gelatinam
973 363 1209 411 solvuntur,
1243 368 1285 405 et
1317 378 1426 417 sche
1459 366 1661 407 diffluunt
1693 372 1821 408 antea

277 447 405 485 quam
437 431 651 484 specimen
681 431 972 472 madefactum
1005 446 1136 485 supra
1168 432 1365 472 chartam
1397 433 1614 485 explicare
1635 435 1820 476 licuerit.

276 499 319 540 Si
357 502 625 552 segmentum
656 513 677 540 e
709 499 861 540 fronde
893 500 1110 540 exsiccata
1141 500 1184 540 in
1215 501 1391 553 guttula
1422 514 1545 552 aqua·
1579 502 1820 555 deponitur,

276 567 480 608 citissime
526 567 800 620 expanditur,
848 570 890 608 et
936 568 1015 609 sub
1048 568 1309 620 expansione
1342 573 1548 610 curvatur
1580 574 1622 611 et
1654 574 1821 610 contor-

275 635 438 686 quitur.
498 635 607 677 Tota
639 639 860 677 structura
890 637 1015 677 initio
1048 636 1202 677 eximie
1234 636 1431 688 elastica3
1465 652 1561 678 mox
1594 641 1750 683 autem,
1774 641 1822 677 ut

274 703 534 755 membranae
565 717 723 757 aquam
755 704 1019 755 imbiberint,
1052 705 1094 745 in
1127 704 1358 757 gelatinam
1392 705 1563 758 pigram
1585 708 1822 745 mutantur.

275 769 449 812 Cellulae
495 771 610 813 inter
641 775 874 824 utrumque
908 776 1097 813 stratum
1128 773 1390 813 intermedizc
1424 787 1533 826 sfcpe
1565 773 1821 819 rotundataae,

275 842 321 878 at
352 839 531 892 apiculis
563 839 819 892 prominulis
851 854 946 880 cum
980 840 1131 880 vicinis
1163 844 1556 889 anastomosantes3
1603 840 1823 881 interioris

275 907 402 947 strati
435 906 598 948 cellulae
630 907 720 948 fere
753 910 854 947 totae
886 907 1021 947 radiis
1048 907 1259 960 porrectis
1281 908 1539 957 constitutae,
1562 911 1605 948 et
1627 922 1709 960 quo
1731 907 1821 948 loco

274 973 637 1026 adproximantur
668 975 781 1016 radii
812 975 1001 1028 porrecti
1033 975 1301 1015 diversarum
1334 975 1600 1025 cellularum,
1623 990 1670 1016 eo
1693 976 1823 1016 etiam

275 1041 612 1096 diaphragmata
643 1043 917 1084 inveniantur
949 1044 1046 1097 (nec
1076 1043 1224 1095 igitui:
1258 1051 1306 1083 ut
1327 1042 1371 1083 111
1393 1042 1551 1083 cellula
1571 1057 1755 1093 ramosa,
1778 1044 1822 1083 in

274 1110 472 1162 proxima
517 1111 675 1152 vicinia
721 1111 886 1152 cellulae
926 1111 1209 1164 generantis),
1242 1111 1415 1151 articuli
1447 1111 1664 1152 corticalis
1696 1111 1823 1152 strati

275 1177 499 1218 rotundati
547 1182 773 1231 apparent,
813 1178 886 1219 sed
917 1178 1112 1231 proxime
1139 1178 1411 1231 juxtapositi,
1444 1178 1601 1229 radios,
1634 1179 1707 1230 qui
1741 1179 1822 1219 sal-

276 1245 354 1285 tim
399 1245 443 1285 in
489 1245 780 1287 adultioribus
826 1249 869 1286 et
913 1245 1192 1286 interioribus
1230 1246 1400 1295 adsunt,
1433 1246 1573 1286 minus
1605 1247 1824 1287 evidentes

275 1315 533 1354 monstrant.
593 1313 798 1354 Omnibus
830 1314 895 1354 his
928 1314 1190 1367 comparatis
1223 1317 1265 1355 et
1296 1315 1516 1367 perpensis
1548 1315 1653 1354 1111111
1686 1315 1822 1355 visum

277 1383 341 1419 est
380 1380 503 1431 sequi
535 1379 713 1421 cellulas
744 1395 890 1422 omnes
921 1381 1130 1422 rotundas
1162 1381 1384 1433 general-ig
1426 1381 1641 1433 juveniles
1674 1381 1823 1423 lateri-

277 1447 357 1488 bus
385 1446 667 1500 juxtapositis
700 1448 855 1488 sensim
887 1447 1143 1497 coalescere:
1181 1447 1351 1488 demum
1384 1461 1482 1488 vero
1513 1448 1713 1500 partibus
1745 1448 1823 1488 sub

277 1515 541 1556 incremento
588 1514 781 1567 generali
826 1515 991 1556 frondis
1039 1515 1272 1563 distractis,
1320 1518 1528 1556 concreta]
1569 1515 1823 1557 cellularum

278 1583 539 1623 membranae
585 1582 797 1623 tubulosae
843 1583 1159 1635 protrahuntur
1198 1588 1239 1624 et
1271 1583 1415 1624 radios
1448 1583 1640 1624 efficiunt
1672 1586 1822 1636 (Illita.

278 1649 408 1702 Phyle.
431 1650 510 1691 tab.
533 1653 586 1691 ’70
606 1650 730 1703 Lfiq.
754 1650 814 1703 3),
848 1650 1003 1701 quibus
1034 1651 1355 1703 conjunguntur
1383 1651 1547 1692 cellula¹
1571 1652 1823 1693 adultiores.

277 1716 320 1758 Si
351 1717 488 1770 igitur
518 1717 851 1769 Rhodoylossum
881 1720 1157 1759 tasnecmicum
1190 1718 1289 1772 (Ay.
1312 1720 1390 1769 ΐαῦ,
1415 1719 1609 1772 XILfiy.
1632 1721 1681 1774 3)
1712 1735 1823 1761 com-

277 1788 474 1839 paratur,
512 1785 645 1827 nodos
684 1785 851 1826 reticuli
884 1786 988 1838 ipsis
1021 1785 1184 1827 cellulis
1215 1788 1471 1828 constitutos
1505 1788 1685 1839 videbis,
1732 1788 1823 1828 dia-

277 1853 539 1906 phragmata
583 1853 685 1893 locis
731 1852 945 1896 obvenire,
994 1852 1149 1903 quibus
1187 1853 1350 1893 cellulae
1387 1855 1588 1906 primitus
1621 1855 1822 1907 adproxi-

277 1923 405 1960 matae
452 1923 661 1961 concretae
706 1920 894 1969 fuerunt,
941 1919 1197 1970 demumque
1236 1920 1349 1960 inter
1379 1921 1612 1962 distractas
1644 1922 1822 1963 cellulas

277 1987 463 2028 mediam
494 1986 608 2027 radii
639 1990 809 2040 partem
841 2000 1068 2038 occupare3
1102 1987 1244 2039 spatia
1276 1991 1418 2043 autem
1451 2003 1598 2039 vacua,
1632 2003 1725 2041 quae
1758 1990 1822 2029 in—

277 2059 345 2096 ter
390 2054 536 2096 radios
572 2054 745 2105 adsunt,
784 2054 1013 2095 meatubus
1045 2054 1458 2106 intercellularilms,
1491 2058 1563 2110 qui
1594 2058 1708 2098 inter
1740 2048 1823 2098 cel-

279 2122 393 2163 lulas
423 2122 617 2176 vulgaris
647 2122 795 2164 formae
826 2123 980 2163 minuti
1012 2126 1055 2164 et
1086 2137 1239 2176 parum
1272 2125 1487 2176 conspicui
1519 2125 1692 2175 adsunt,
1719 2140 1822 2165 ana-

279 2188 379 2241 loga
423 2202 528 2229 esse.
588 2188 638 2229 In
684 2188 905 2242 speciebus
951 2189 1078 2241 hujus
1123 2189 1229 2242 typi,
1268 2203 1453 2241 quarum
1490 2192 1598 2231 rami
1629 2193 1823 2244 apicibus

278 2256 546 2297 acutioribus
573 2256 862 2297 terminantur
883 2256 1135 2309 (quartsna
1159 2257 1397 2307 aee'eulmv·.s·‚
1430 2257 1704 2310 (ἰν-(1111019110
1718 2274 1821 2311 pr«)-

278 2324 418 2377 Iifem,
450 2324 526 2365 Gr.
549 2324 771 2378 pinnata),
818 2323 983 2364 nullam
1028 2323 1228 2364 cellulam
1274 2325 1492 2377 propriam
1539 2328 1821 2377 terminalem,

280 2392 402 2445 cujus
447 2393 710 2433 incremento
755 2391 963 2444 penderet
1009 2391 1209 2433 formatio
1247 2391 1423 2442 frondis,
1462 2393 1661 2446 detegere
1694 2396 1822 2436 valui.

280 2460 424 2500 Etiam
470 2460 512 2500 in
559 2460 820 2501 acutissimis
867 2460 1049 2513 apiculis
1096 2460 1188 2510 (Gr.
1217 2461 1460 2515 jin-olgfmw)
1491 2462 1628 2515 ipsum
1660 2463 1822 2515 apicem

279 2527 496 2568 fasciculis
528 2526 697 2568 filorum
729 2527 997 2568 corticalium
1030 2528 1311 2568 constitutum
1345 2527 1443 2568 vidi.

391 2595 646 2636 Rhabclomssa„
675 2596 830 2648 (Harv.
863 2596 963 2636 Ner.
995 2596 1100 2637 Bor.
1133 2597 1313 2637 Ameria
1337 2597 1414 2637 tal).
1437 2597 1617 2638 XXIII.
1642 2598 1682 2637 A
1703 2601 1739 2636 et
1756 2596 1820 2643 B)

280 2664 323 2704 in
369 2663 567 2716 partibus
612 2662 904 2703 adultioribus
949 2663 1038 2704 fere
1084 2666 1349 2705 structuram
1388 2665 1651 2719 Halymeniae
1683 2663 1820 2705 offe-rt.

282 2730 415 2772 Frons
446 2730 650 2771 tubulosa
682 2731 884 2771 nimirum
915 2731 1166 2772 membrana
1197 2733 1322 2773 firma
1353 2734 1565 2773 exteriore
1587 2731 1820 2783 obtegitur,

280 2797 325 2838 in
371 2813 458 2851 qua
502 2799 768 2852 distinguere
806 2798 907 2839 licet
939 2799 1117 2840 cellulas
1148 2801 1374 2841 interiores
1405 2799 1533 2853 paulo
1564 2799 1746 2851 majores
1778 2804 1821 2839 ct

280 2864 516 2906 directione
561 2866 724 2907 frondis
769 2865 1065 2919 prolongatas,
1112 2870 1154 2907 et
1200 2868 1434 2908 exteriores
1472 2865 1734 2907 verticaliter
1765 2868 1819 2907 ab
