1937 3315
247 187 300 228 84

246 297 476 339 obveniant
507 299 549 336 et
580 295 793 348 praecipue
824 293 868 334 in
900 292 1130 346 generibus
1161 292 1249 333 illis
1279 291 1461 345 Gattyoe,
1492 289 1790 343 Cryptosiplefo-

245 366 326 406 uice
357 368 450 413 eto,
497 375 678 414 quorum
708 361 820 401 rami
850 359 1011 402 interni
1043 360 1132 401 sine
1168 359 1298 401 dubio
1329 358 1572 400 formantur
1603 358 1657 399 ad
1689 371 1789 399 ean-

247 433 341 473 dem
374 443 578 479 normam,
611 442 697 481 qua
728 428 913 470 aliorum
943 428 1054 469 rami
1084 428 1268 469 externi.

359 497 403 538 Si
433 497 476 537 in
509 496 709 549 partibus
740 495 931 536 externis
963 494 1218 536 definiendis
1243 494 1342 547 jure
1371 494 1557 546 quodam
1579 497 1792 548 urgerunt

246 579 335 607 esse
367 564 720 617 distinguendum
752 564 865 604 inter
897 563 1204 604 dichotomiam
1234 566 1278 603 et
1304 561 1673 613 ramificationem,
1696 575 1791 603 nes-

246 634 308 674 cio
355 646 464 673 anne
509 630 657 672 eodem
698 630 796 684 jure
842 631 956 671 inter
1002 629 1181 671 cellulas
1226 629 1433 670 divisione
1471 633 1602 680 ortas,
1634 628 1791 681 quibus

248 700 503 741 dichotomae
550 698 747 752 quaedam
792 698 1061 752 potissimum
1106 697 1368 747 referantur,
1407 700 1450 738 et
1480 696 1790 738 raniificatione

249 772 373 811 natas
418 767 687 820 distinguere
734 768 997 819 opporteret.
1059 764 1329 818 Ubicumque
1365 764 1547 817 primam
1579 763 1791 816 originem

247 838 476 878 observare
511 836 652 885 liceat,
684 834 856 876 facilius
889 833 1064 886 quidem
1096 833 1256 874 dicitur
1286 836 1432 874 utrum
1464 832 1705 874 terminalis
1725 845 1791 873 ar-

244 905 367 946 ticuli
409 905 630 954 divisione,
663 917 717 944 an
751 902 1062 943 ramificatione
1093 901 1322 954 penultimi
1353 904 1430 942 aut
1461 899 1792 954 antepenultimi

244 974 480 1013 nascuntur
512 971 627 1021 novi3
659 970 843 1023 primam
875 972 1019 1009 autem
1052 968 1262 1021 originem
1294 982 1501 1009 novarum
1523 982 1605 1009 non
1627 981 1793 1022 semper

244 1040 415 1081 facilius
446 1038 715 1087 observatur,
747 1040 790 1077 et
816 1036 907 1089 jam
939 1039 1070 1076 antea
1101 1035 1290 1076 diximus
1320 1034 1532 1088 quomodo
1554 1038 1701 1088 partes
1723 1049 1792 1076 ra-

244 1121 370 1148 mosae
402 1106 642 1147 dichotoma»
674 1104 916 1158 adpareant
946 1106 1183 1157 properata
1214 1103 1324 1143 rami
1356 1102 1610 1154 evolutione⁷
1632 1107 1677 1144 et
1698 1116 1792 1156 quae

242 1189 394 1217 revera
439 1173 700 1215 dis-hotomia
745 1175 993 1217 nascuntur,
1040 1171 1297 1212 evolutio-nis
1341 1171 1528 1224 quodam
1565 1171 1792 1225 privilegio

244 1243 425 1297 singulis
469 1243 584 1288 (11110,
632 1241 875 1294 adpareant
918 1253 1109 1281 ramesse.
1170 1239 1291 1289 Quod
1322 1239 1457 1293 igitur
1488 1239 1529 1281 in
1562 1239 1792 1293 Algologia

245 1311 518 1364 descriptivz‘u
565 1309 687 1362 cujus
733 1308 1001 1361 potissimum
1048 1310 1112 1347 est
1156 1310 1303 1360 partes
1349 1307 1592 1348 describere
1643 1307 1792 1359 quales

245 1379 426 1421 evolutae
459 1392 501 1419 se
533 1377 731 1428 offerant,
764 1376 1031 1417 dichotomas
1062 1378 1140 1416 aut
1172 1389 1364 1417 ramosas
1394 1379 1542 1429 partes
1574 1375 1791 1426 dixerunt,

244 1447 360 1488 haud
404 1461 497 1489 eain
535 1447 587 1488 ob
619 1459 791 1487 causam
823 1445 1086 1485 dichotomia
1116 1447 1194 1484 aut
1224 1443 1535 1485 rainificatione
1568 1447 1693 1485 natas
1723 1457 1791 1484 as-

243 1530 411 1557 sumere
443 1515 556 1556 licet.

358 1583 402 1624 Si
435 1588 604 1624 tantum
637 1596 709 1624 eas
740 1581 1078 1623 consideraveris
1110 1584 1235 1622 natas
1262 1594 1352 1622 esse
1373 1580 1676 1633 ramificatione
1695 1593 1792 1621 noo·-

243 1652 349 1693 mali
394 1665 488 1705 quae
534 1652 643 1693 serie
680 1650 968 1692 adscendente
999 1663 1087 1690 una
1118 1663 1214 1689 cum
1244 1647 1420 1689 rachide
1451 1661 1541 1689 sese
1572 1648 1792 1690 evolvente

247 1722 483 1761 nascuntur
528 1719 592 1773 (in
638 1718 786 1759 multis
831 1717 1061 1771 Covffmmjs,
1107 1716 1422 1758 Gallitleammtis
1459 1715 1675 1770 aliisque),
1706 1715 1793 1757 alia

244 1801 412 1840 quoque
458 1790 603 1827 exstat
648 1785 905 1826 ramificatio
950 1785 1173 1825 adventiva
1218 1783 1396 1835 cellulae,
1444 1797 1537 1836 quae
1575 1783 1624 1824 fit
1654 1784 1793 1837 magis

244 1855 548 1908 irregulariter
579 1858 622 1895 et
654 1854 777 1907 quasi
810 1853 931 1894 nulla
963 1852 1113 1893 habita
1143 1852 1310 1893 ratione
1339 1851 1500 1893 ordinis
1521 1851 1790 1903 cellularum,

244 1938 270 1964 a
301 1922 457 1975 quibus
489 1922 690 1963 oriuntur
721 1935 858 1973 novae3
905 1935 999 1974 quae
1045 1935 1214 1974 quoque
1259 1924 1483 1962 externam
1514 1920 1790 1962 ramificatio—

245 2005 339 2031 nem
386 1989 638 2042 plantarum
678 2003 753 2031 suo
784 1989 909 2030 modo
941 1988 1102 2030 referre
1133 1988 1347 2030 videatur.
1406 1988 1456 2029 In
1488 1987 1668 2030 diversis
1699 2001 1791 2041 spe-

244 2058 389 2098 ciebus
419 2056 628 2109 Algarum
662 2057 751 2098 haec
781 2058 1014 2098 (adventitia
1045 2055 1300 2098 ramificatio
1332 2060 1409 2097 aut
1440 2057 1681 2098 evidentius
1708 2056 1790 2097 dif-

245 2126 330 2166 fert
362 2129 439 2165 aut
470 2125 608 2178 magis
640 2125 726 2165 suis
749 2125 1074 2165 characteribus
1095 2125 1474 2178 adpropinquatur
1493 2125 1698 2176 normali‚·
1728 2125 1792 2166 ita

245 2194 288 2234 in
333 2192 540 2245 Conferra
584 2193 771 2244 rmwstri
816 2195 859 2231 et
904 2190 1107 2232 affinibus
1144 2192 1253 2232 rami
1285 2191 1430 2245 plures
1460 2206 1486 2233 a
1517 2207 1624 2234 zona
1654 2192 1790 2234 fertili

245 2264 521 2314 generantur,
555 2274 737 2313 quorum
770 2259 965 2301 nonnulli
988 2258 1213 2310 normales,
1235 2259 1310 2302 alii
1333 2274 1432 2301 vero
1454 2264 1554 2301 sunt
1576 2260 1651 2314 qui
1672 2260 1790 2302 haud

245 2425 364 2467 patet,
401 2432 512 2464 quum
552 2420 727 2464 plurimae
760 2419 838 2453 sint
865 2419 1010 2463 species
1038 2421 1250 2454 articulatae
1278 2421 1579 2465 monosiphoniae
1606 2420 1790 2456 ramifica-

245 2481 347 2514 tione
385 2478 559 2517 diversae,
598 2477 642 2510 de
681 2476 817 2521 quibus
844 2477 890 2511 ad
916 2477 1157 2522 Algologiam
1184 2478 1455 2522 descriptivam
1482 2480 1623 2514 referre
1650 2481 1789 2524 placet.

244 2537 320 2570 Has
353 2534 582 2570 directiones
617 2535 749 2569 stricte
784 2538 1013 2569 conservant
1039 2536 1244 2577 nonnullae,
1271 2536 1325 2569 ita
1350 2539 1391 2569 ut
1417 2539 1496 2571 tota
1523 2538 1654 2581 planta
1678 2537 1787 2572 disti-

245 2595 311 2627 cho
352 2605 520 2638 expansa
557 2596 708 2627 maneat
746 2593 850 2636 cujus
883 2593 975 2626 rami
1002 2594 1046 2627 ab
1074 2592 1222 2638 origine
1250 2593 1405 2627 distichi
1431 2593 1601 2637 fuerunt;
1640 2595 1677 2628 in
1704 2593 1787 2627 aliis

245 2653 368 2683 autem
409 2651 476 2684 sub
515 2649 751 2683 incremento
783 2649 900 2683 totius
932 2649 1074 2692 plantae
1102 2649 1379 2693 detorquentur
1405 2649 1544 2683 sensim
1574 2650 1787 2694 sensimque

246 2706 353 2748 rami,
385 2707 440 2740 ita
464 2710 505 2740 ut
531 2707 662 2750 planta
688 2716 989 2749 quoquoversum
1017 2717 1140 2740 ramos
1166 2706 1327 2749 majores
1354 2705 1551 2749 expandit,
1578 2716 1660 2749 quae
1680 2705 1787 2749 juve-

246 2763 343 2794 niles
382 2762 567 2796 distichos
605 2761 817 2807 generavit.
867 2760 944 2794 Nec
978 2764 1124 2795 tantum
1153 2765 1212 2796 est
1238 2762 1398 2807 angulus
1428 2761 1677 2806 divergentiae
1705 2774 1785 2797 ver-

246 2817 372 2851 ticalis
399 2819 500 2852 inter
527 2820 718 2862 proximos
745 2828 867 2851 ramos
903 2818 964 2860 qui
992 2819 1045 2852 ita
1073 2819 1211 2852 sensim
1239 2821 1419 2861 mutatur,
1447 2819 1510 2852 sed
1539 2817 1650 2852 etiam
1679 2821 1786 2863 rami,

246 2875 307 2916 qui
335 2876 379 2906 ab
406 2875 513 2908 initio
535 2876 666 2918 majori
689 2875 828 2917 angulo
849 2886 865 2907 τι
885 2876 990 2907 caule
1011 2876 1273 2919 egrediuntur,
1294 2877 1444 2909 demum
1463 2878 1618 2918 pateant
1635 2875 1786 2911 minori.
