1937 3315
300 198 348 237 18

297 304 491 357 exempla
523 304 677 345 afferre
709 301 861 354 placet.
924 300 972 340 In
1005 301 1046 343 C.
1071 301 1279 353 pulclwllo
1310 302 1449 354 pinnae
1480 301 1754 356 pinnulaeque
1787 318 1838 344 ex

296 373 474 426 singulis
505 370 700 412 articulis
731 369 989 422 proveniunt
1021 370 1200 422 geminae
1233 370 1458 423 oppositae3
1491 371 1533 411 111
1567 370 1673 413 Call.
1700 373 1840 423 yrmi-

294 442 400 481 lento
431 439 571 491 pinnae
603 435 826 476 inferiores
849 439 948 475 sunt
971 437 1149 488 geminae
1172 440 1215 476 et
1236 437 1455 489 oppositae,
1479 437 1523 477 in
1547 437 1839 490 superioribus

295 506 434 547 rachis
466 505 692 544 incurvata
724 502 773 542 fit
804 506 847 543 et
879 502 1064 555 pinnulae
1098 503 1342 544 secundatae
1374 518 1399 544 a
1430 504 1611 557 singulis
1642 505 1839 545 articulis

294 572 469 625 singula}
501 571 713 611 oriuntur.
761 569 809 610 111
843 570 884 611 C.
916 571 1107 611 sabuloso
1139 575 1181 612 et
1212 571 1253 612 C.
1278 571 1466 623 Pylaz'sei
1486 572 1595 612 rami
1617 572 1841 613 inferiores

293 642 402 682 ‘2-—4
433 653 457 679 a
489 638 670 691 singulis
702 638 910 688 articulis,
944 639 1186 691 superiores
1220 639 1379 693 singuli
1401 641 1674 692 proveniunt,
1698 655 1841 681 omnes

292 713 435 750 autem
468 721 637 748 sursum
662 706 849 759 porrecti
871 710 913 746 et
937 706 1161 747 secundati
1183 707 1337 759 (Harv.
1362 708 1461 748 Ner.
1484 707 1627 749 Amer.
1649 708 1728 748 tab.
1751 709 1840 761 30).

293 777 340 816 In
372 775 413 817 C.
445 775 578 815 simili
608 774 762 827 (Hm-2³.
797 773 927 826 Phys.
961 778 1095 816 cmcstr.
1119 776 1340 823 ((111207),
1373 775 1414 817 G.
1427 776 1625 827 plantula
1658 776 1841 829 aliisque

291 844 400 885 rami
431 842 654 883 inferiores
687 844 797 883 2-*4
828 856 880 883 ex
913 842 1095 895 singulis
1127 843 1342 894 articulis,
1374 858 1590 885 ramorum
1624 858 1722 885 vero
1754 859 1840 884 oln-

290 912 407 952 nium
438 910 596 952 ramuli
628 909 785 962 singuli
816 914 975 950 exeunt
1006 923 1027 950 e
1060 911 1279 962 superiore
1311 914 1353 950 et
1385 925 1571 952 convexo
1605 911 1738 952 latere
1771 926 1839 952 ra-

291 979 426 1021 chidis
458 983 710 1021 recurvatae.
772 977 822 1018 In
853 978 894 1019 C.
927 978 1098 1029 dispare?
1129 978 1284 1031 (Harr.
1317 980 1341 1020 l.
1373 993 1404 1020 c.
1436 980 1515 1021 tab.
1546 982 1670 1034 227),
1703 980 1744 1021 C.
1776 981 1840 1021 de·-

289 1047 459 1099 mo‘rfflw
491 1047 674 1099 aliisque
708 1045 817 1086 rami
848 1045 1073 1086 inferiores
1105 1047 1217 1086 2—-4
1249 1060 1301 1086 ex
1334 1046 1515 1100 singulis
1537 1048 1747 1099 articulis,
1770 1062 1840 1088 ra-

290 1130 454 1157 morum
488 1119 632 1156 autem
664 1115 774 1155 rami
805 1114 995 1167 primum
1027 1114 1271 1165 dichotomi,
1296 1115 1393 1157 dein
1414 1117 1458 1158 in
1482 1118 1658 1159 rachide
1681 1118 1840 1159 alterni

290 1184 518 1238 adparent.
580 1183 832 1223 Plumarum
879 1182 1020 1235 quoad
1067 1183 1287 1224 rachidem
1333 1184 1556 1237 dispositio
1587 1186 1629 1226 in
1662 1186 1841 1227 diversis

291 1253 515 1306 speciebus
561 1252 734 1304 insuper
775 1251 945 1292 diversa
979 1254 1062 1302 est;
1110 1252 1386 1305 ejusdemque
1419 1253 1591 1294 articuli
1622 1255 1745 1307 paria
1777 1255 1839 1295 (11-

290 1334 426 1370 versa,
459 1320 626 1360 diverso
658 1323 850 1372 tempore
883 1333 993 1371 saepe
1027 1323 1279 1360 nascuntur.

403 1389 451 1430 111
500 1389 662 1437 fronde,
709 1402 838 1442 quam
876 1388 1130 1429 normaliter
1161 1389 1386 1441 pinnatam
1418 1394 1494 1430 aut
1525 1390 1738 1443 pinnatim
1770 1404 1839 1431 ra—

289 1471 450 1498 mosam
498 1471 758 1501 censeamus,
807 1456 894 1497 sive
927 1456 1015 1496 haec
1048 1455 1232 1509 simplici
1265 1457 1372 1497 serie
1406 1456 1661 1498 cellularum
1693 1473 1839 1512 super-

290 1526 527 1578 positarum
574 1528 756 1573 constat,
802 1524 890 1565 sive
937 1523 1188 1577 siphonibus
1226 1524 1425 1577 pluribus
1457 1525 1570 1566 circa
1601 1526 1837 1567 centralem

285 1593 600 1646 juxta-positis,
647 1593 786 1646 pinnae
826 1606 899 1634 seu
939 1592 1048 1632 rami
1081 1606 1167 1633 una
1199 1606 1293 1633 cum
1327 1594 1565 1635 successiva
1597 1594 1838 1636 evolutione

289 1661 478 1701 rachidis
520 1661 731 1701 oriuntur.
795 1660 844 1700 In
876 1659 1191 1713 Polysiphoniis
1223 1660 1423 1713 siphones
1454 1661 1589 1703 axiles
1620 1676 1838 1702 ramorum

288 1743 382 1769 cum
417 1728 593 1781 siphone
626 1727 731 1768 axili
764 1727 898 1768 caulis
931 1727 1134 1780 conjungi
1157 1741 1325 1780 semper
1347 1741 1517 1781 quoque
1541 1729 1647 1780 vidi3
1681 1730 1723 1770 in
1741 1730 1839 1771 aliis

289 1797 321 1838 F
325 1796 512 1846 lorideis,
545 1810 728 1848 quarum
761 1799 825 1836 est
856 1795 987 1836 series
1020 1795 1147 1835 axilis
1179 1795 1435 1837 cellularum
1457 1798 1837 1851 superpositarum,

289 1866 332 1906 in
364 1865 431 1905 his
462 1863 649 1905 initiales
681 1877 899 1904 ramorum
932 1876 1042 1915 saepe
1075 1877 1243 1915 quoque
1274 1864 1564 1905 inveniuntur.
1625 1864 1704 1906 Sed
1728 1879 1837 1919 prae-

288 1935 355 1972 ter
387 1932 496 1972 hanc
528 1945 746 1972 ramorum
778 1930 1079 1971 formationem
1112 1931 1232 1983 quasi
1266 1920 1500 1973 normalem
1531 1932 1595 1985 (in
1618 1933 1838 1986 speciebus

288 2000 499 2052 pinnatim
545 1999 746 2051 ramosis)
792 1998 865 2038 alii
914 1998 1024 2038 rami
1070 1997 1303 2039 obveniunt
1349 2000 1422 2052 qui
1460 2004 1560 2040 sunt
1596 2000 1836 2051 adventitii,

288 2070 436 2120 utpote
484 2079 569 2106 una
615 2080 709 2106 cum
755 2065 998 2106 evolutione
1044 2065 1233 2106 rac-hidis
1271 2080 1347 2107 nec
1384 2067 1482 2117 orti,
1515 2080 1591 2108 nec
1624 2082 1649 2108 a
1680 2067 1837 2109 cellula

288 2138 407 2175 certa
453 2138 496 2175 et
541 2133 722 2174 definita
752 2133 1067 2186 provenientes,
1100 2133 1173 2173 sed
1205 2148 1282 2186 pro
1314 2133 1567 2175 diversitate
1599 2136 1835 2188 specierum

289 2216 401 2242 nunc
433 2203 487 2243 ab
520 2216 615 2245 uno,
647 2215 758 2242 nunc
792 2200 846 2241 ab
880 2200 1019 2242 altero
1051 2195 1156 2241 loco.
1218 2201 1440 2254 Ejusmodi
1472 2203 1583 2243 rami
1605 2216 1716 2255 saepe.
1738 2218 1835 2257 pro-

288 2269 499 2310 lificantes
545 2269 760 2319 dicuntur,
807 2270 849 2309 in
896 2269 1126 2322 Algologia
1171 2269 1445 2324 descriptiva.
1505 2271 1575 2312 Ita
1610 2272 1652 2312 in
1682 2271 1832 2312 Ballia

287 2338 521 2378 callitricho
554 2338 654 2390 (Ay.
687 2338 766 2378 tab.
798 2337 885 2378 HI.
906 2339 981 2390 fiy.
1014 2339 1145 2391 6—7)
1190 2338 1234 2379 in
1278 2342 1403 2391 parte
1440 2339 1600 2392 plantae
1632 2339 1834 2380 inferiore

287 2407 330 2445 et
361 2418 382 2445 e
415 2407 552 2445 strato
584 2404 778 2445 corticali
811 2405 947 2445 serius
978 2405 1163 2445 formato
1194 2406 1505 2457 provenientes,
1537 2407 1655 2447 'rami
1677 2406 1834 2448 adsunt

286 2476 330 2512 et
361 2472 498 2513 forma
529 2476 572 2513 et
603 2472 894 2513 functionibus
927 2472 1084 2513 diversi
1116 2487 1141 2513 a
1163 2473 1318 2526 pinniS,
1349 2487 1442 2526 quae
1465 2488 1550 2515 una
1573 2488 1667 2514 cum
1691 2475 1833 2515 evolu-

286 2540 399 2580 tione
423 2539 637 2581 frondium
663 2543 913 2581 nascuntur.
960 2540 1007 2581 In
1030 2540 1185 2593 Dasya
1205 2542 1390 2582 coccinea
1410 2542 1511 2594 (Agl.
1529 2542 1608 2582 tab.
1628 2542 1831 2584 XXXII.

275 2608 349 2659 fia.
381 2609 458 2661 25)
490 2611 647 2660 praeter
678 2608 831 2660 pinnas
863 2607 1132 2659 compositas,
1166 2622 1250 2649 una
1281 2623 1375 2649 cum
1408 2608 1558 2650 fronde
1589 2609 1644 2649 ad
1671 2610 1830 2650 articu-

287 2674 372 2713 lum
423 2688 633 2727 quemque
666 2675 843 2716 tertium
882 2673 1072 2714 rachidis
1110 2675 1275 2716 alterne
1307 2665 1438 2726 ortas,
1470 2675 1626 2716 ramuli
1658 2676 1829 2727 adsunt,

288 2756 312 2780 a
344 2745 481 2783 strato
527 2743 720 2784 corticali
762 2744 898 2784 serius
929 2743 1242 2795 provenienteS,
1275 2744 1347 2797 qui
1379 2744 1615 2785 acuminati
1646 2748 1689 2784 et
1721 2759 1830 2799 saepe

288 2808 500 2860 simplices
531 2814 726 2861 manent;
760 2811 833 2863 qui
865 2810 1037 2863 quidem
1071 2812 1228 2852 ramuli
1260 2812 1375 2866 haud
1408 2825 1506 2852 raro
1537 2812 1677 2864 pinnae
1699 2827 1829 2865 oppo-

288 2874 356 2913 siti
390 2876 612 2927 adparent.
