1937 3315
1622 192 1693 232 101

152 304 336 358 aliisque
367 306 480 347 alius
508 306 745 360 adparatus
766 305 936 347 filorum
958 306 1216 348 radicalium
1237 307 1429 346 ‘internus
1451 308 1697 359 generatur,

153 386 304 425 nempe
335 373 418 414 filis
449 373 566 415 intra
597 372 831 414 cuticulam
861 373 915 414 ab
948 373 1143 414 articulis
1175 372 1309 414 caulis
1342 372 1696 414 descendentibus

152 442 424 483 constitutus.
470 442 571 483 Haec
601 441 676 483 fila
708 441 906 483 deorsum
928 442 1227 492 increscentia,
1250 441 1420 482 deinum
1443 444 1580 483 strato
1604 456 1694 483 cor-

152 509 273 550 ticali
305 509 511 551 articulos
541 510 768 564 primarios
801 509 936 550 caulis
967 510 1257 559 investientia,
1290 523 1458 562 quoque
1481 509 1536 551 ad
1559 509 1692 563 adpa-

151 581 294 618 ratum
326 576 560 618 radicalem
591 577 816 618 referenda
848 591 951 627 esse,
984 591 1114 629 supra
1146 577 1301 618 monui.

263 646 414 687 Ball-ia
443 645 692 696 callitmfeha,
724 645 844 698 cujus
874 649 938 686 est
969 646 1012 686 in
1043 645 1242 698 partibus
1269 645 1534 697 juvenilibus
1556 647 1694 685 struc-

151 717 252 754 tura
297 712 727 754 Callithamniearum
774 712 1003 759 simillima,
1036 716 1185 765 postea
1216 713 1260 752 in
1290 712 1489 765 partibus
1520 712 1694 753 inferio-

150 781 269 822 ribus
301 784 438 822 strato
469 779 699 821 obducitur
732 778 1002 829 cellularum,
1035 779 1102 819 cui
1136 778 1242 819 nihil
1276 779 1507 832 analogum
1541 779 1628 819 vidi
1650 780 1694 819 in

149 847 467 890 Callithamniis
511 847 710 901 propriis.
775 846 954 900 Vulgari
1001 847 1204 887 nimirum
1250 846 1374 888 modo
1412 847 1466 888 ab
1498 847 1695 888 articulis

149 916 284 957 caulis
330 916 440 958 rami
485 916 683 958 oriuntur
729 915 915 969 oppositi
961 918 1004 956 et
1052 914 1383 969 diaphragmate
1416 921 1694 969 separantur,

149 984 359 1026 articulus
405 999 622 1026 ramorum
666 985 837 1025 infimus
884 997 1056 1036 quoque
1102 983 1325 1035 vulgarem
1358 984 1538 1024 formam
1572 984 1695 1025 initio

148 1056 307 1103 servat,
339 1052 540 1094 circulari
572 1057 616 1094 et
645 1053 803 1105 exigua
835 1051 941 1102 basi,
974 1051 1018 1092 in
1040 1051 1177 1093 latere
1200 1051 1378 1092 articuli
1401 1051 1573 1101 caulini,
1595 1051 1695 1092 huic

147 1120 271 1172 quasi
302 1119 537 1173 adpositus.
582 1119 737 1161 Postea
768 1133 868 1161 vero
902 1119 1016 1160 basis
1047 1118 1309 1167 extenditur,
1342 1133 1495 1171 parum
1517 1118 1694 1161 adscen-

146 1187 264 1238 dens,
298 1187 371 1229 sed
404 1187 558 1228 eximie
591 1186 865 1238 descendens,
889 1190 932 1228 et
954 1200 1122 1240 quoque
1144 1186 1387 1227 lateraliter
1409 1200 1541 1239 supra
1562 1201 1693 1228 mem-

146 1255 326 1296 branam
357 1254 532 1296 articuli
565 1255 724 1296 caulini
756 1259 979 1307 extensus3
1013 1255 1310 1296 decurrentem
1344 1254 1508 1296 diceres
1538 1258 1581 1296 et
1603 1268 1692 1296 am-

144 1323 429 1378 plexicaulem
459 1322 560 1376 (Ay.
593 1324 672 1365 tab.
704 1322 792 1365 III.
803 1324 878 1377 fiy.
901 1329 940 1375 3,
963 1326 999 1375 5,
1022 1327 1059 1375 6,
1084 1324 1140 1371 7).
1183 1322 1329 1364 Caulis
1351 1323 1440 1376 ipse
1462 1324 1511 1364 fit
1532 1323 1598 1364 his
1619 1323 1691 1365 de-

144 1391 416 1433 currentibus
462 1392 636 1434 basibus
681 1407 901 1434 ramorum
947 1407 1116 1446 anceps,
1163 1392 1372 1433 lateribus
1415 1391 1692 1446 paginalibus

143 1460 285 1511 latior,
318 1460 543 1514 angustior
573 1461 857 1514 marginibus.
909 1461 1021 1502 Dum
1052 1461 1130 1502 hoc
1161 1460 1285 1502 modo
1318 1459 1491 1502 articuli
1524 1460 1692 1502 basales

142 1541 361 1570 ramorum
407 1532 658 1570 accrescunt
696 1532 738 1569 et
775 1528 913 1570 forma
944 1532 1183 1578 mutantur,
1217 1527 1555 1569 subdividuntur
1586 1542 1690 1581 quo-

143 1610 224 1649 que
270 1596 511 1650 parietibus
555 1597 679 1638 varia
726 1597 960 1638 directione
1008 1596 1162 1641 ductis,
1208 1602 1251 1637 et
1288 1596 1459 1637 demum
1491 1601 1691 1638 constant

143 1664 309 1706 cellulis
339 1665 589 1717 numerosis,
622 1665 778 1718 quibus
809 1665 982 1707 articuli
1015 1665 1173 1707 caulini
1206 1666 1328 1719 quasi
1350 1665 1593 1707 lateraliter
1614 1665 1689 1706 ad—

143 1737 353 1775 crescunt.
415 1733 481 1774 Ad
512 1733 670 1775 axillas
701 1748 920 1775 ramorum
952 1734 1029 1776 hoc
1052 1734 1177 1776 modo
1199 1734 1433 1775 cortic-atas
1455 1748 1573 1776 nevae
1594 1734 1688 1787 pin-

142 1800 254 1842 nulae
299 1802 555 1853 formantur,
601 1816 694 1856 quae
740 1802 885 1844 saltim
932 1803 1074 1855 quoad
1116 1808 1284 1856 partem
1316 1817 1341 1843 a
1372 1803 1540 1845 cellulis
1572 1802 1691 1844 novis

142 1869 380 1923 procedunt
409 1869 510 1923 (Ay.
542 1870 566 1912 l.
599 1886 630 1911 c.
650 1872 727 1924 figs.
761 1877 786 1912 0·
817 1875 853 1912 et
884 1871 943 1925 7).
991 1870 1068 1912 His
1100 1871 1291 1924 pinnulis
1323 1871 1421 1912 dein
1443 1885 1688 1913 accrescen-

142 1938 258 1979 tibus
289 1937 507 1990 ramisque
539 1938 626 1979 suis
657 1938 899 1980 incurvatis
931 1938 1072 1980 latera
1103 1938 1326 1992 paginalia
1357 1939 1687 1991 obducentibus,

143 2006 280 2049 caulis
311 2008 359 2048 fit
391 2007 515 2059 quasi
545 2022 651 2049 novo
682 2008 932 2050 indumento
964 2008 1125 2059 hirtus,
1168 2008 1424 2061 demumque
1456 2008 1529 2049 fila
1560 2008 1687 2062 liujus

141 2073 383 2116 indumenti
428 2075 655 2118 fructifera
700 2076 861 2118 videas.
922 2076 1065 2130 Igitur
1103 2080 1290 2117 stratum
1323 2076 1541 2127 corticale,
1573 2076 1687 2130 quod

141 2143 345 2184 articulos
389 2144 617 2197 primarios
661 2145 785 2186 medo
831 2145 947 2187 dicto
994 2145 1037 2185 in
1079 2144 1220 2186 Ballia
1256 2145 1432 2186 obducit
1469 2148 1512 2186 et
1544 2145 1687 2197 quoad

141 2216 262 2253 ortus
305 2212 477 2254 modum
515 2217 559 2254 et
589 2213 731 2267 quoad
764 2213 1004 2255 functiones
1035 2213 1089 2255 ab
1122 2213 1221 2255 aliis
1252 2212 1686 2255 Callithamniearum

141 2279 356 2322 diversum
402 2285 625 2335 appareat.
688 2281 731 2323 Si
776 2282 1015 2336 adparatus
1046 2281 1262 2324 corticalis
1293 2282 1337 2322 in
1367 2280 1685 2323 Callithamniis

139 2347 346 2390 radiculis
376 2350 654 2392 constituitur
687 2354 729 2391 et
762 2350 991 2392 nutritioni
1034 2350 1254 2400 inserviat,
1286 2350 1330 2390 in
1363 2349 1503 2392 Ballia
1534 2354 1685 2391 contra

142 2415 319 2458 cellulas
350 2415 487 2458 dictas
518 2417 742 2458 cortic-ales
773 2417 943 2458 demum
975 2420 1204 2470 generatas
1236 2416 1444 2468 crederes,
1478 2422 1524 2458 ut
1543 2432 1595 2460 ex
1618 2418 1685 2460 his

142 2483 299 2524 ramuli
330 2484 545 2525 fructiferi
576 2485 773 2526 oriantur
789 2484 844 2539 t)

231 2623 265 2666 ss)
291 2623 437 2657 Praetcr
465 2623 622 2657 cellulas
650 2635 762 2667 supra
788 2623 1015 2668 descriptas,
1041 2636 1134 2667 quas
1160 2625 1360 2659 corticales
1388 2626 1480 2669 dixi,
1505 2626 1579 2660 alia
1597 2640 1681 2661 esse

140 2681 204 2715 fila
240 2681 279 2714 111
316 2680 446 2714 Bullia,
482 2680 700 2717 callitriche,
734 2693 816 2725 quae
844 2681 920 2715 illis
948 2682 1254 2716 Phlebothamnii
1281 2686 1319 2716 et
1346 2684 1539 2717 Crouanize
1568 2696 1682 2728 snpra

140 2736 357 2772 memoratis
385 2738 543 2781 analoga
569 2737 780 2780 suspicatus
808 2748 901 2779 sum,
923 2737 1001 2779 jam
1029 2750 1141 2781 supra
1168 2738 1305 2771 monui.
1358 2739 1444 2772 Haec
1470 2738 1532 2772 fila
1560 2738 1597 2772 in
1625 2740 1679 2773 in-

139 2795 342 2829 ferioribus
379 2794 551 2838 partibus
580 2793 740 2828 caulium
767 2793 1010 2827 circumcirca
1035 2794 1214 2828 articulos
1241 2794 1400 2838 cingunt
1426 2799 1547 2829 strate
1574 2800 1678 2831 exte-

141 2851 240 2886 riore
266 2852 354 2896 (Ay.
387 2851 474 2885 Tab.
502 2850 581 2884 ΙΙΙ.
599 2851 667 2895 fiy.
695 2856 730 2892 δ,
760 2853 833 2893 11)),-
865 2856 954 2884 sunt
979 2851 1061 2894 ipsa
1086 2851 1335 2893 cylindracea.
1364 2851 1470 2894 quasi
1499 2853 1677 2897 longiori-

139 2909 207 2944 bus
235 2908 405 2943 articulis
431 2908 651 2945 eonstituta,
679 2907 779 2941 intra
806 2910 1058 2943 membranam
1086 2909 1373 2944 erassiuseulani
1401 2912 1529 2944 tubum
1560 2923 1676 2955 angu-
