1937 3315
1551 203 1630 245 183

92 318 346 371 proveniant
362 319 424 372 (C.
444 322 723 361 anwricatmm
749 320 875 361 Hm-v.
895 321 987 360 Ner.
1003 319 1102 359 Ror.
1116 319 1297 359 Anatab.
1315 317 1532 358 XXXVI.
1554 317 1631 361 A).·

91 389 191 427 sunt
237 401 405 439 quoque
437 389 595 442 species
632 390 766 429 ranei-s·
803 389 990 434 alterm's,
1023 387 1065 427 in
1098 387 1253 439 quibus
1286 385 1451 426 favella}
1484 386 1526 426 in
1560 400 1629 425 ra-

93 454 208 494 mulo
231 456 476 497 terminales
498 457 730 509 cinguntur
752 456 968 497 involucro
990 470 1206 496 ramorum
1229 454 1493 507 cingentium
1517 454 1630 503 (Pti-

93 524 175 564 lota
222 524 493 566 Rleodoealle's
530 526 661 566 Have.
698 525 823 577 Plzyc.
855 528 989 565 (lustr.
1022 525 1100 564 tab.
1132 524 1220 576 44).
1282 522 1331 563 In
1363 522 1629 571 Griffithsiis,

95 605 275 644 quorum
315 594 423 633 rami
455 593 717 646 adparenter
748 597 847 633 sunt
878 592 1122 641 dicliotomi,
1155 591 1311 631 favella
1342 598 1403 631 est
1435 594 1512 630 aut
1544 592 1631 629 ter-

96 659 263 700 minalis
309 661 351 701 111
396 661 563 702 ramulo
609 661 883 714 sub-proprio
929 660 1163 712 fruetigero
1195 659 1351 711 (Hm-v.
1386 658 1514 711 J’hye.
1547 658 1629 699 Rr.

95 728 172 767 tab.
204 731 303 777 261,
335 729 448 777 134),
495 732 569 768 aut
616 727 857 768 lateraliter
903 726 957 767 ad
998 727 1161 779 apicem
1193 725 1365 766 articuli
1398 725 1556 766 sessilis
1590 725 1631 765 in

94 809 211 835 ramo
243 795 313 835 vix
344 798 523 845 mutato,
556 795 628 835 sed
662 794 877 835 involucro
911 794 1082 847 proprio
1114 794 1254 834 cincta
1281 794 1431 844 (Ilm-v.
1454 794 1477 834 l.
1500 809 1530 834 ι’.
1553 793 1632 833 tal).

91 864 270 915 214fiy.
302 864 444 916 5-11).
505 863 553 903 111
591 862 797 903 Ceramiis
834 861 1032 915 plurimis
1062 861 1220 902 favella
1252 862 1295 902 in
1327 876 1445 902 ramo
1479 861 1630 913 majori

93 929 299 980 lateralis,
345 933 391 970 at
428 930 506 971 1100
537 944 704 983 quoque
736 929 826 970 loco
858 928 989 969 ramis
1024 928 1223 968 brevibus
1254 928 1631 970 involucrantibus

93 996 269 1038 suffulta
305 996 456 1045 (Ham).
497 997 624 1049 Phye.
656 1000 790 1037 austr.
823 997 901 1037 tal».
933 1000 1018 1037 200·
1049 995 1092 1035 B
1112 996 1186 1048 fis).
1217 997 1284 1048 2);
1330 1010 1440 1036 nunc
1487 999 1631 1037 autem

93 1063 414 1105 subterminalis
459 1064 681 1117 adpareat,
722 1064 831 1104 rami
870 1063 1098 1115 sructigeri
1130 1065 1254 1114 parte
1286 1064 1631 1115 supereminente

91 1147 115 1173 a
160 1132 290 1173 ramis
335 1131 704 1172 involucrantibus
742 1131 813 1171 vix
852 1130 1142 1183 dignoscenda
1173 1130 1330 1182 (Hmw.
1361 1131 1385 1170 l.
1417 1146 1448 1171 c.
1480 1132 1532 1172 A.
1553 1133 1632 1184 fis).

90 1201 231 1253 4--51
293 1203 431 1249 Quum
463 1199 597 1253 igitur
629 1200 708 1241 1100
739 1202 935 1253 respectu
967 1198 1304 1239 modificationes
1335 1198 1493 1239 adsunt
1515 1200 1631 1240 intra

90 1268 216 1322 plura
248 1281 418 1320 genera,
452 1281 545 1320 quae
579 1267 728 1319 utique
760 1270 926 1307 naturae
949 1269 1239 1307 consentanea
1261 1266 1486 1317 credimus,
1510 1270 1632 1320 patet

89 1336 297 1390 ejusmodi
328 1334 582 1376 differentiis
614 1335 729 1375 haud
761 1335 937 1376 nimiam
970 1335 1053 1375 vim
1084 1334 1361 1375 tribuendam
1393 1350 1495 1376 esse.
1550 1335 1630 1376 Fa-

90 1404 169 1445 cile
207 1418 376 1456 quoque
415 1403 647 1444 credideris
680 1403 946 1444 differentias
978 1403 1163 1456 pendere
1195 1417 1220 1443 a
1252 1402 1392 1455 gradu
1423 1403 1629 1445 evolutio-

89 1472 167 1521 1115,
207 1471 261 1512 ad
299 1485 424 1524 quem
456 1472 677 1524 perveniat
708 1486 852 1512 ramus
884 1471 1041 1513 fertilis
1074 1476 1304 1524 postquam
1336 1472 1505 1513 institui
1537 1487 1629 1513 000-

88 1540 152 1593 pit
198 1540 383 1590 fructus3
431 1540 465 1580 si
511 1540 744 1581 increscere
791 1539 934 1593 pergit
981 1554 1125 1579 ramus
1158 1553 1288 1592 supra
1321 1539 1512 1580 fructum
1540 1541 1630 1593 jam

89 1608 350 1655 inchoatmn,
383 1612 673 1649 maturescens
704 1608 870 1649 fruetus
902 1608 945 1648 in
978 1622 1096 1648 ramo
1130 1607 1282 1660 majori
1315 1607 1509 1649 lateralis
1532 1624 1628 1649 con-

89 1677 317 1729 spiciatur3
365 1676 398 1716 si
446 1690 543 1716 vero
590 1676 825 1717 increscere
872 1675 1029 1716 desinit
1075 1689 1205 1728 supra
1242 1674 1444 1725 fructum,
1484 1676 1628 1716 forsan

90 1744 316 1786 hebetatus
361 1743 494 1796 ipsius
540 1744 705 1784 fructus
750 1744 1024 1791 incremento,
1059 1743 1235 1783 nucleus
1266 1743 1356 1796 ipse
1389 1743 1627 1784 terminalis

88 1813 311 1866 adpareat.
378 1812 427 1853 Ι11
472 1812 661 1853 favorem
709 1812 835 1866 hujus
881 1811 1270 1865 argumentationis
1316 1810 1461 1852 afferri
1508 1826 1629 1864 posse

88 1880 343 1922 crediderim
388 1880 558 1921 easdem
604 1878 868 1921 differentias
900 1880 941 1920 in
974 1884 1157 1932 utroque
1190 1879 1335 1920 fructu
1365 1878 1628 1921 Griftithsia-

88 1963 182 1989 rum
228 1948 447 1998 obvenire3
494 1951 593 1989 sunt
624 1949 735 1989 enim
774 1948 917 2001 plures
950 1949 1111 2001 species
1142 1947 1410 1997 Gristifflrsiae,
1442 1962 1628 2000 quarum

89 2016 132 2056 in
170 2017 315 2056 fructu
353 2015 687 2069 sphaerosporico
733 2031 832 2069 pars
871 2017 1190 2070 supereminens
1222 2017 1331 2057 rami
1363 2017 1520 2058 fertilis
1553 2032 1627 2070 pa-

88 2098 182 2124 rum
214 2097 459 2124 accrescens
490 2083 532 2124 in
560 2083 740 2136 juvenili
771 2084 915 2125 fructu
947 2084 1083 2134 adest,
1116 2083 1285 2124 demum
1317 2099 1415 2126 vero
1448 2084 1628 2125 solvitur

88 2151 186 2204 (Agl.
219 2151 299 2191 tab.
332 2150 366 2191 I.
387 2152 462 2203 Jiy.
493 2152 640 2207 6—9).
701 2150 750 2191 In
787 2151 863 2192 Gr,
899 2155 1062 2192 setacca
1097 2155 1162 2192 est
1194 2151 1353 2193 favella
1385 2153 1428 2193 in
1459 2152 1625 2193 ramulo

88 2219 260 2272 proprio
297 2219 551 2269 terminalis,
584 2220 828 2260 abortiente
860 2223 909 2260 ut
940 2219 1109 2260 videtur
1142 2223 1208 2260 sat
1239 2224 1486 2261 constanter
1517 2221 1626 2261 rami

88 2288 314 2341 fruetigeri
359 2292 482 2342 parte
527 2289 893 2342 supereminente3
941 2292 1084 2329 tamen
1130 2288 1364 2340 aliquando
1396 2289 1625 2342 persistere

88 2357 273 2406 videtur,
305 2357 339 2397 si
371 2357 530 2397 iconem
562 2371 587 2397 a
619 2357 791 2409 Harvey
822 2357 974 2409 (J’layc.
1008 2357 1122 2397 Brit.
1154 2357 1232 2397 tab.
1266 2358 1441 2409 184119.
1474 2360 1518 2401 7)
1550 2356 1624 2396 da-

88 2429 177 2465 tam
224 2424 304 2464 rite
350 2424 661 2478 interpretatus
693 2425 786 2465 sim.
847 2424 897 2464 In
929 2424 1004 2463 Gr.
1043 2424 1259 2474 coral'limz„
1298 2424 1340 2464 in
1373 2438 1459 2475 qua
1492 2438 1623 2464 unuln

89 2493 354 2547 geminorum
385 2505 603 2532 ramorum
634 2495 772 2531 totum
805 2492 847 2532 in
878 2490 1081 2532 favellam
1108 2491 1393 2531 transmutari
1416 2491 1623 2542 crederes,

89 2561 175 2602 vidi
221 2562 438 2613 segmento
484 2559 787 2611 longitudinali
834 2559 1082 2599 tenuissimo
1114 2573 1188 2611 per
1219 2559 1405 2599 medium
1437 2560 1623 2600 fructum

89 2632 213 2675 facto„
247 2641 488 2680 supremam
518 2630 686 2680 partem
716 2627 825 2667 rami
858 2628 1139 2668 transmutati
1161 2626 1301 2667 adhuc
1322 2627 1620 2680 persistentem

89 2698 186 2752 (Ay.
220 2697 297 2737 tal).
322 2695 441 2748 [fist.
470 2695 553 2748 12),
585 2698 631 2735 at
662 2695 992 2736 minutissimam
1024 2695 1130 2735 lobis
1162 2695 1450 2736 exterioribus
1482 2700 1620 2739 matu-

88 2764 352 2808 rescentibus
397 2762 624 2813 obtectam,
672 2763 839 2804 denium
878 2764 1020 2804 forsan
1058 2763 1318 2804 hebetatam.
1378 2763 1426 2805 In
1464 2765 1622 2807 I'tr'lota

89 2835 267 2886 atessam
312 2829 478 2870 favellae
524 2830 663 2882 prima
710 2831 833 2872 initia
880 2831 1021 2872 videre
1059 2830 1219 2871 credidi
1260 2831 1302 2872 in
1335 2832 1512 2885 pinnula
1543 2838 1620 2875 aut

90 2900 273 2943 articulo
306 2898 490 2951 quodam
522 2901 672 2954 (ὅσθ’
706 2901 818 2941 infra
850 2900 1152 2955 terminalem),
1185 2900 1256 2953 (1111
1290 2901 1530 2943 lateraliter
1554 2903 1620 2944 in-
