1937 3315
1539 172 1591 212 -23

56 336 144 364 sum
177 314 438 373 prolongati,
471 315 518 353 ut
549 309 815 351 substratum
847 298 1074 351 attigerint
1105 308 1179 335 suo
1210 288 1390 332 scutello
1412 282 1592 327 radic-ali

57 389 342 431 instruuntur.

170 454 316 496 Callus
348 447 560 496 radicalis,
593 445 627 485 si
660 441 832 496 quidem
864 439 987 491 parto
1010 432 1153 474 infima
1176 425 1310 468 caulis
1332 435 1484 476 parum
1506 432 1596 459 inu-

60 527 153 566 tata
184 518 474 565 constituitur,
506 511 682 554 eandem
715 519 882 561 quoque
911 504 953 543 in
976 511 1131 553 genere
1153 496 1297 535 servat
1319 491 1598 530 structuram.

60 593 108 633 In
154 589 252 637 illis,
299 596 481 639 quarum
527 583 592 620 est
629 575 753 616 radix
786 573 955 613 scutata
987 569 1029 607 et
1061 564 1148 604 late
1179 570 1383 611 expansa,
1415 554 1469 593 ad
1502 565 1598 592 nor-

61 673 173 700 niam
218 654 442 699 evolvitur,
487 660 580 700 quae
625 643 735 694 algis
782 633 1106 680 horizontaliter
1137 625 1337 679 expansis
1368 625 1410 662 et
1441 619 1601 673 pagina

63 726 262 768 inferiore
294 717 464 761 adnatis
495 707 822 766 (Hyssoncllfe'u‘)
853 703 973 756 priva
1002 698 1191 743 videtur,
1223 690 1425 731 nimirum
1446 685 1601 727 centri-

63 794 269 848 fugaliter
307 793 348 829 et
385 790 725 837 quoquoversum
756 785 876 824 aeque
909 776 1177 809 excrescens3
1225 758 1481 807 ubicumque
1513 752 1603 793 haec

64 860 261 917 pluribus
306 852 475 894 constat
519 843 682 891 stratis,
713 840 851 880 fornia
882 835 1013 875 datur
1044 829 1097 870 ab
1130 826 1274 867 infimo
1306 824 1458 870 strato,
1490 818 1605 872 quod

66 922 402 973 horizontalibus
448 915 580 957 radiis
625 907 844 952 excrescit.
908 902 958 942 In
989 895 1209 941 De'cztrclla
1239 892 1437 933 concinna
1485 887 1607 927 adest

67 993 291 1040 scutellum
324 983 512 1029 radicale
545 979 678 1021 latius
710 983 947 1027 expansum
970 970 1017 1008 at
1038 969 1186 1012 tenue,
1218 962 1404 1001 stratum
1424 953 1606 996 interius

70 1064 204 1108 caulis
240 1057 458 1101 evidenter
489 1049 658 1091 constat
689 1041 854 1085 cellulis
885 1034 1077 1091 ejusdem
1109 1028 1277 1084 generis
1308 1041 1356 1066 ac
1389 1036 1481 1076 quae
1513 1020 1609 1061 infi-

70 1146 185 1175 mum
223 1128 407 1169 stratum
445 1116 602 1160 radicis
633 1111 837 1155 efficiunt.
900 1105 976 1146 Hae
1008 1098 1174 1143 cellulae.
1208 1096 1307 1136 sunt
1337 1089 1611 1145 prismaticae,

70 1199 193 1242 lineis
238 1192 366 1235 rectis
411 1201 495 1229 una
541 1196 673 1236 supra
718 1178 902 1219 alteram
947 1170 1109 1225 posita»,
1148 1166 1192 1206 in
1224 1160 1345 1203 caule
1377 1156 1613 1198 directione

72 1266 205 1309 caulis
227 1259 511 1316 prolongatae,
544 1264 673 1305 prope
696 1246 883 1288 radicem
905 1240 1043 1294 (linea
1064 1235 1153 1276 fere
1177 1225 1459 1272 transversali
1475 1222 1614 1275 recta)

73 1333 288 1377 breviores
334 1326 443 1367 fiunt
490 1324 532 1361 ct
577 1318 782 1370 adspectu
822 1311 910 1352 fere
948 1302 1212 1360 quadraticae
1244 1300 1320 1338 aut
1350 1292 1614 1346 deplanatae,

74 1405 117 1445 in
162 1402 252 1453 ipso
290 1391 471 1436 scutello
502 1384 683 1429 radicali
715 1379 1028 1435 prolongantur
1058 1372 1230 1417 iterum,
1262 1368 1308 1405 at
1338 1358 1618 1403 directionem

76 1467 232 1512 radicis
264 1459 549 1509 centrifugam
581 1466 658 1494 sua
689 1444 956 1501 longitudine
988 1439 1227 1492 sequentes.
1275 1431 1339 1470 Ab
1372 1429 1438 1469 his
1461 1426 1620 1468 exeunt

78 1537 152 1578 fila
189 1530 423 1577 cortic-alia,
463 1528 707 1567 extrorsum
738 1518 781 1557 in
813 1512 948 1562 caule,
981 1519 1149 1550 sursum
1180 1504 1223 1543 in
1254 1499 1412 1547 radice,
1445 1494 1525 1536 sibi
1557 1493 1619 1532 in-

79 1605 212 1646 vicem
257 1592 576 1652 respondentia,
624 1599 807 1641 quorum
846 1575 1114 1632 longitudine
1146 1568 1358 1624 praecipue
1390 1562 1548 1617 pendet
1579 1563 1622 1600 et

80 1669 297 1713 crassities
328 1661 494 1706 frondis
526 1661 568 1699 et
599 1653 770 1697 radicis.
830 1647 916 1690 Sub
948 1641 1115 1685 cellulis
1146 1630 1520 1689 longitudinaliter
1551 1641 1621 1667 ra-

82 1737 301 1781 diantibus
346 1728 518 1777 radicis,
565 1735 736 1778 sparsas
773 1717 859 1759 vidi
895 1711 1104 1767 quasdam
1134 1706 1315 1752 infimas,
1348 1698 1486 1751 magis
1516 1696 1623 1735 irre-

85 1805 298 1861 gulariter
330 1797 536 1844 evolutas,
569 1789 731 1833 intimis
763 1788 805 1827 in
839 1782 959 1825 caule
991 1780 1137 1820 forsan
1167 1769 1492 1825 respondentes,
1530 1775 1623 1816 quae

86 1874 254 1921 sensim,
287 1874 334 1910 ut
364 1869 576 1921 putarem,
608 1858 829 1901 exhaustae
860 1854 904 1893 et
934 1846 1202 1891 emorienteS,
1231 1835 1436 1892 proximis
1457 1843 1625 1873 sursum

86 1943 255 1996 (earum
303 1936 426 1983 vices,
457 1924 781 1981 occupantibus)
814 1915 1112 1960 succeduntur.
1175 1907 1234 1948 Ut
1266 1901 1431 1946 cellulae
1463 1897 1627 1939 frondis

90 2008 210 2050 initio
241 2003 482 2046 formantur
515 1994 767 2039 conformes,
799 1990 841 2028 et
874 1982 1028 2025 sensim
1059 1978 1167 2019 fiunt
1199 1972 1458 2017 differentes,
1490 1967 1630 2007 strata

91 2077 259 2117 diversa
305 2070 553 2113 formantes,
598 2062 661 2102 ita
705 2055 864 2098 radicis
901 2061 1068 2104 quoque
1108 2042 1344 2085 conformes
1375 2034 1505 2084 nasci,
1538 2046 1631 2073 sen-

93 2145 255 2195 simque
297 2130 598 2177 transformari
628 2130 847 2182 putarem,
894 2117 1043 2161 stratis
1074 2114 1136 2154 ita
1168 2108 1325 2151 sensim
1357 2103 1463 2146 ortis
1494 2102 1631 2141 incre-

95 2211 174 2252 scit
211 2207 350 2255 radix,
388 2201 590 2244 nimirum
621 2193 881 2248 expansione
912 2179 1185 2228 horizontali,
1216 2189 1294 2229 ope
1327 2171 1455 2214 strati
1485 2166 1632 2215 infimi,

97 2276 288 2319 crassitie
318 2286 418 2313 vero
449 2283 527 2321 ope
558 2263 687 2307 strati
718 2256 947 2302 cortic-alis.
1008 2249 1068 2291 Ut
1099 2248 1165 2288 his
1195 2238 1485 2285 functionibus
1517 2232 1634 2275 suffi-

98 2346 214 2387 ciant
258 2344 403 2395 partes
449 2336 639 2382 diversae,
686 2326 850 2370 cellulae
888 2322 1014 2362 unius
1046 2314 1174 2358 strati
1205 2309 1362 2353 sensim
1394 2303 1637 2354 sensimque

99 2415 142 2454 in
173 2408 352 2451 cellulas
383 2403 562 2446 alterius
593 2395 927 2440 transferantur.

216 2476 396 2517 Radices
441 2467 702 2512 adventitiae,
735 2464 811 2503 aut
843 2459 908 2499 his
939 2453 1144 2504 analogae,
1177 2450 1385 2502 praeterea
1416 2442 1459 2481 in
1492 2437 1639 2479 multis

103 2545 349 2591 obveniunt,
381 2555 405 2580 a
437 2536 634 2591 partibus
665 2530 799 2573 caulis
828 2534 1131 2574 ramorumque
1163 2516 1362 2562 evolutae,
1395 2523 1487 2563 quae
1520 2504 1640 2545 caule

105 2610 383 2655 decumbente
428 2607 503 2646 aut
548 2604 744 2653 serpente
791 2596 1010 2636 instructae
1056 2590 1155 2628 sunt
1199 2579 1420 2625 Florideae,
1452 2573 1639 2614 rliizinas

108 2684 183 2723 aut
228 2674 410 2718 fibi-illas
454 2666 665 2711 radicales
710 2677 819 2716 saepe
866 2656 1119 2701 articulatas
1150 2650 1367 2695 emittunt,
1398 2644 1526 2696 prout
1559 2638 1644 2679 illis

109 2762 215 2804 opus
245 2747 322 2793 est,
355 2740 431 2782 sub
465 2736 728 2778 incremento
760 2728 936 2771 frondis.
981 2722 1172 2765 Rhizinae
1195 2718 1258 2758 hae
1281 2710 1538 2767 proveniunt
1559 2707 1645 2748 una

112 2831 206 2859 cum
237 2811 333 2853 aliis
365 2804 561 2861 partibus
592 2800 726 2855 (foliis
758 2799 833 2838 aut
864 2793 1028 2846 ramis),
1061 2787 1132 2829 sed
1165 2796 1275 2837 saepe
1296 2779 1398 2822 locis
1420 2774 1646 2824 distinetis;

112 2887 175 2927 ita
218 2883 261 2923 in
305 2875 472 2919 Gelidio
507 2872 693 2921 serpente
723 2867 880 2907 exeunt
914 2860 1023 2901 rami
1055 2872 1079 2898 a
1112 2849 1378 2904 marginibus
1410 2844 1544 2886 caulis
1575 2857 1649 2883 an-
