1937 3315
1567 215 1646 254 217

114 324 378 366 rescentibus
409 326 524 368 intra
555 325 761 369 articulos
793 326 1018 380 elongatos
1053 328 1175 379 quasi
1208 341 1358 369 novam
1391 326 1646 369 subdivisio-

114 408 205 434 nem
252 393 449 435 articulis
496 396 763 437 brevioribus
810 395 976 445 offerre,
1023 396 1371 448 quandoquidem
1418 396 1647 438 observare

113 461 294 512 credidi3
327 477 420 515 quae
453 466 595 504 autem
628 478 679 504 an
714 464 1121 505 Dumontiarearum
1154 464 1338 517 analoga
1360 464 1458 514 sint,
1482 464 1646 506 dubito.

113 530 304 581 Denique
335 529 542 571 adnotare
574 530 714 583 placet
747 531 1069 573 similitudinem
1103 532 1319 585 quandam
1353 546 1447 572 cum
1473 532 1537 573 his
1560 547 1646 574 om-

113 598 237 639 nibus
270 597 416 639 adesse
449 597 492 638 in
527 598 674 639 nucleo
703 599 881 651 juv‹·11ili
910 599 1243 653 Gloiosiphoniae
1266 614 1395 653 supra
1419 600 1645 653 descripto,

113 669 155 706 et
186 665 306 718 cujus
338 665 480 706 icones
513 664 610 706 dedi
642 666 740 718 (Ass.
775 667 852 706 tab.
886 667 1051 719 Ilssfl'y.
1077 671 1126 707 123
1144 669 1276 721 —1(1),·
1308 682 1400 721 quae
1435 682 1531 709 vero
1559 682 1646 709 om-

114 733 183 773 nia
215 732 318 784 quid
351 732 429 772 sibi
464 732 634 773 valeant
667 732 851 773 ulterius
882 734 1232 786 perpemlemlum
1264 735 1445 776 videtur.

225 802 260 840 6.
321 802 610 852 Spyridiaceae.
670 802 813 841 Genus
843 801 1068 853 Spyridiag
1102 802 1215 853 quod
1247 803 1462 844 adnuente
1495 803 1647 844 habitu

112 872 154 910 et
185 872 408 911 structura
439 868 671 911 Ceramieis
703 869 831 911 affine
865 869 990 911 facile
1023 871 1230 917 crederes„
1264 876 1486 913 structura
1509 876 1646 927 cysto-

112 936 355 989 carpiorum
403 937 729 990 Areschougieis
765 938 1007 991 proximum
1046 938 1151 978 mihi
1184 939 1401 992 adparuit.
1463 940 1647 981 Fructus

111 1005 323 1048 nimirum,
357 1005 398 1046 in
430 1004 598 1046 ramulo
630 1006 802 1059 proprio
835 1006 1095 1055 terminales,
1130 1011 1227 1047 sunt
1260 1008 1382 1048 initio
1411 1009 1645 1059 rotundati,

110 1072 206 1112 dein
252 1073 293 1112 in
339 1072 456 1113 lobos
502 1072 647 1126 plures
693 1074 1025 1115 intumescentes
1071 1073 1157 1114 fere
1197 1074 1362 1116 ambitu
1395 1076 1646 1117 reniformes

109 1140 258 1192 (Kistz.
300 1140 427 1193 Phys.
466 1141 547 1181 tab.
580 1142 728 1194 46Jigs.
761 1145 802 1192 1‚·
846 1141 927 1193 Ay.
960 1143 1038 1183 tal).
1073 1142 1199 1183 XVI.
1220 1144 1294 1195 jiy.
1328 1145 1411 1191 11),
1445 1144 1559 1185 haud
1594 1170 1643 1174 —-

110 1212 155 1248 ut
189 1208 231 1248 in
262 1207 493 1249 Ceramieis
515 1234 566 1238 -—
590 1208 740 1250 nucleo
773 1214 972 1251 constant
1005 1210 1119 1251 nudo
1151 1214 1193 1251 et
1225 1210 1535 1263 favellaeformi,
1573 1214 1646 1255 sed

109 1278 374 1332 obteguntur
418 1279 658 1333 pericarpio
704 1280 891 1333 proprio.
952 1279 1248 1333 Pericarpium
1295 1283 1422 1322 tenue
1466 1285 1507 1321 et
1547 1282 1644 1322 sub—

85 1346 481 1387 ⁴membranaceum
530 1350 594 1387 est
639 1350 888 1388 contextum
934 1347 1100 1388 cellulis
1146 1348 1382 1390 directione
1429 1350 1646 1403 tangentis

108 1414 305 1456 dilatatis
336 1414 436 1467 (Ass.
469 1415 493 1455 l.
516 1416 633 1467 φήῃ.
656 1416 742 1469 13).
796 1414 972 1456 Nullum
1005 1416 1338 1469 carpostomium
1371 1416 1645 1458 observatum

107 1483 211 1533 fuit,
244 1482 390 1523 forsan
422 1482 595 1523 credere
627 1482 728 1524 lieet
761 1483 940 1524 cellulas
971 1484 1215 1537 pericarpii,
1244 1484 1335 1537 jam
1369 1488 1497 1526 antea
1528 1485 1645 1539 gela-

107 1551 281 1600 tinosas,
328 1550 498 1592 demum
530 1551 710 1592 invicem
748 1550 868 1601 solvi,
901 1555 943 1592 et
975 1552 1036 1592 ita
1069 1551 1308 1604 gemmidiis
1340 1553 1524 1594 maturis
1556 1554 1644 1594 exi-

107 1622 197 1660 tum
230 1618 432 1671 praebere.

221 1686 382 1727 Fructu
428 1690 743 1728 maturescente
790 1687 1057 1729 verticaliter
1097 1690 1223 1739 secto,
1256 1688 1300 1729 in
1330 1688 1534 1731 interiore
1567 1690 1642 1731 ad-

106 1758 261 1808 parent
306 1754 379 1795 fila
426 1768 665 1805 numerosa,
698 1755 935 1797 articulata
966 1760 1008 1796 et
1041 1756 1378 1810 lnonosiphonia,
1411 1757 1465 1798 ab
1498 1757 1644 1800 infima

106 1825 230 1876 parte
274 1822 442 1863 fruetus
472 1822 519 1876 (a
550 1822 781 1877 pedicello)
812 1824 1118 1877 provenientia,
1166 1824 1410 1878 ibidemque
1443 1825 1644 1867 densiora

107 1890 361 1932 fasciculata
392 1894 434 1930 et
466 1891 807 1932 ainistomosibus
839 1892 1018 1932 invicem
1041 1892 1270 1945 conjuncta
1292 1893 1392 1945 (Ay.
1416 1894 1493 1934 tab.
1519 1894 1565 1934 X
1578 1895 1644 1935 VI.

91 1962 168 2013 figy.
201 1961 289 2013 12),
329 1972 510 2012 superne
541 1958 787 2000 dichotoma
818 1960 973 2000 sensim
1007 1959 1187 2011 laxiora,
1219 1961 1332 2002 inter
1363 1975 1504 2003 ramos
1536 1962 1642 2002 invi-

107 2042 195 2068 cem
242 2027 453 2068 distantes
499 2026 714 2068 nucleolos
760 2027 1032 2078 sustinentia,
1079 2029 1251 2069 extimis
1282 2029 1473 2080 ramulis,
1505 2030 1643 2083 magis

105 2094 444 2148 divergentibus,
477 2095 770 2136 membranam
800 2096 1033 2149 pericarpii
1066 2097 1299 2138 formantia
1329 2097 1428 2150 (Ass.
1462 2098 1487 2139 l.
1519 2099 1642 2151 (assy.

105 2165 191 2217 13).
253 2162 347 2204 Fila
378 2163 542 2204 inferne
575 2163 617 2204 in
649 2164 823 2205 unicum
854 2164 1105 2205 fasciculum
1138 2165 1340 2215 cohibita,
1362 2165 1492 2219 paulo
1512 2181 1643 2219 supra

106 2231 251 2273 basem
298 2231 421 2284 quasi
467 2232 510 2272 in
556 2231 702 2285 plures
739 2232 964 2274 fasciculos
1000 2233 1261 2287 principales
1293 2237 1567 2287 separantur,
1600 2238 1643 2275 et

105 2300 167 2340 ita
213 2300 356 2340 forsan
402 2299 611 2352 originem
649 2300 754 2341 dant
791 2300 900 2341 lobis
933 2300 1234 2351 exterioribus,
1268 2301 1310 2342 in
1342 2302 1486 2342 fructa
1518 2301 1641 2342 adul-

105 2368 213 2408 tiore
245 2367 532 2408 observandis
594 2367 780 2409 Nueleus
811 2369 1082 2422 componitur
1104 2369 1308 2410 nucleolis
1330 2369 1542 2422 pluribus,
1566 2370 1639 2421 qui

104 2436 147 2476 in
190 2434 368 2488 juvenili
414 2434 559 2475 fructu
604 2437 916 2477 numerosiores
962 2450 1131 2489 quoque
1169 2437 1349 2478 invicem
1381 2442 1640 2490 separantur

105 2503 188 2544 filis
220 2502 453 2552 sterilibus,
486 2517 510 2542 a
544 2503 634 2543 basi
667 2503 720 2543 ad
754 2503 1043 2555 peripheriam
1075 2505 1424 2556 excurrentibus3
1459 2506 1639 2547 nucleoli

105 2572 303 2611 constant
334 2569 418 2609 filis
450 2570 775 2621 gemmidiiferis
806 2571 986 2611 ramosis
1017 2575 1060 2612 et
1092 2572 1288 2622 radiatis7
1321 2573 1434 2614 inter
1461 2573 1531 2614 fila
1555 2577 1639 2615 ste-

105 2638 204 2679 rilia
241 2636 468 2678 fasciculos
501 2637 716 2679 breviores
747 2641 789 2679 et
821 2642 1133 2680 transmutatos
1164 2640 1449 2681 formantibus
1479 2641 1579 2694 (Ay.
1612 2642 1638 2682 l.

105 2723 137 2748 c.
154 2708 233 2759 fiy.
266 2706 466 2756 11—13).
520 2705 762 2758 Aliquando
794 2706 836 2747 in
859 2706 1003 2748 eodeni
1028 2711 1270 2761 przeparato
1294 2708 1436 2749 videre
1458 2710 1641 2762 contigit

106 2773 212 2815 alios
251 2773 467 2815 nucleolos
498 2772 715 2827 (loberum
749 2775 1037 2830 superiorum)
1069 2776 1139 2828 qui
1174 2776 1490 2818 maturentibus
1523 2792 1638 2831 gem-

106 2841 246 2881 midiis
269 2841 406 2894 magis
438 2840 685 2882 inordinate
718 2842 760 2883 in
793 2842 940 2894 glebas
971 2844 1209 2897 conjunctis
1240 2848 1499 2896 constarent,
1532 2846 1639 2888 alios

106 2909 170 2963 (in
204 2909 300 2951 lobo
332 2908 516 2962 quodam
549 2908 720 2950 laterali
754 2911 940 2966 fructus)
967 2912 1175 2965 juniores,
1208 2912 1280 2965 qui
1313 2911 1480 2954 filorum
1514 2914 1637 2955 fasci-
