1937 3315
1613 157 1666 199 93

127 264 360 318 cipiuntur.
420 266 775 320 Quandoquidem
809 268 851 309 in
883 267 1177 321 sphaerospora
1208 268 1392 320 nucleos,
1424 268 1666 323 protoplas-

126 334 254 375 matis
300 334 409 376 nodo
455 335 640 388 quodam
686 335 860 386 cinctos,
906 339 1037 377 antea
1078 336 1318 378 discernere
1355 338 1504 390 putavi
1536 350 1665 390 quam

126 403 384 444 membranae
430 417 654 456 sperarum
690 403 873 444 formam
905 418 1026 445 suam
1057 403 1291 449 definitam,
1324 405 1542 459 pressione
1573 419 1665 446 mu-

125 474 200 511 tua
247 471 495 522 vicinarum,
526 474 777 524 attegerunt
809 471 908 524 (Ay.
945 473 1038 513 Tul).
1072 472 1108 513 I.
1129 473 1204 526 figl.
1238 476 1291 514 14,
1306 474 1358 526 (ᾗ).
1419 472 1585 522 Postea,
1618 476 1666 512 ut

125 538 379 591 plerumque
412 539 473 589 fit,
506 538 671 579 ambitu
699 539 788 591 jam
821 540 1063 579 accuratius
1095 539 1283 590 definito,
1312 541 1430 581 intra
1451 554 1666 593 quamque

125 619 296 659 sporam
341 620 478 658 nuper
519 608 708 646 creatam
742 605 917 646 nucleus
948 606 1117 646 facilius
1148 606 1403 648 observatur
1434 607 1535 660 (Ay.
1572 608 1666 649 Ταῦ.

125 673 161 713 Ι.
189 675 264 726 fig).
303 677 355 714 14
384 688 404 714 0
442 677 480 713 ct
509 674 537 713 d
566 676 610 713 et
644 673 738 713 Tab.
773 673 900 713 XVI.
920 675 997 725 fiy.
1028 675 1112 728 10).
1173 674 1432 727 Aliquando,
1479 675 1665 716 sectione

125 740 308 781 feliciter
352 740 495 790 dueta,
527 740 614 780 vidi
658 739 722 792 (in
772 740 939 780 l'e'dcd‘ae'a
976 742 1151 795 spirali)
1182 741 1292 781 filias
1322 742 1500 783 cellulas
1531 757 1667 796 nuper

125 810 307 858 creatas,
339 810 464 848 extra
494 807 786 847 membranam
811 808 1005 848 matricis
1025 808 1188 849 cellula·
1211 809 1392 862 elapsas,
1416 810 1665 852 membrana

125 874 226 916 laxa
270 874 432 928 plicata
477 873 732 915 tenuissima
762 877 805 914 et
836 873 1013 927 hyalina
1059 875 1224 916 cinctas
1261 889 1370 927 esse3
1418 877 1665 931 nullamque

124 943 287 984 cellulae
326 946 532 985 maternae
569 943 681 984 inter
713 942 791 983 has
824 943 1159 984 intercedentem
1191 945 1488 986 membranam
1520 946 1666 987 obser-

123 1012 230 1052 vavi.
305 1011 453 1064 Neque
500 1010 596 1052 aliis
640 1011 1015 1052 observationibus
1060 1012 1296 1053 conductus
1343 1013 1403 1053 fui
1449 1028 1665 1055 assumere

123 1079 460 1133 sphaerosporam
492 1079 793 1120 Floridearum
824 1079 1009 1133 primum
1031 1080 1295 1122 subdivisam
1317 1081 1409 1122 fieri
1432 1081 1665 1135 diaphrag-

121 1147 310 1188 matibus
356 1147 410 1188 ab
456 1147 668 1188 exteriore
706 1147 872 1199 pariete
903 1148 1095 1188 matricis
1127 1148 1363 1189 introrsum
1394 1149 1665 1201 procedenti-

122 1215 213 1261 bus,
256 1218 299 1255 et
336 1214 452 1255 intra
489 1228 680 1256 cameras
712 1215 775 1255 ita
806 1214 943 1256 factas
974 1215 1073 1256 dein
1106 1230 1253 1269 sporas
1284 1216 1477 1270 singulas
1508 1216 1665 1258 liberas

121 1282 336 1335 generari.
396 1282 540 1323 Etiam
571 1282 615 1323 in
647 1282 949 1335 Polysiplaonm
980 1282 1181 1336 siphones
1213 1284 1329 1324 nasci
1351 1288 1563 1337 putarem,
1588 1299 1665 1325 nu-

121 1350 222 1391 cleis
253 1354 383 1392 antea
414 1350 654 1404 generatis,
686 1364 762 1391 nec
794 1350 872 1391 1100
906 1350 997 1391 1000
1028 1350 1194 1392 cellulae
1216 1365 1333 1393 novae
1350 1352 1441 1405 jam
1464 1351 1519 1393 ab
1541 1352 1664 1393 initio

120 1432 336 1460 assumere
382 1418 641 1459 videbantur
671 1418 865 1467 formam,
899 1433 924 1459 a
954 1418 1164 1460 limitibus
1195 1419 1383 1461 materni
1415 1419 1591 1460 articuli
1622 1423 1665 1461 et

119 1487 336 1540 pressione
368 1490 519 1528 mutua
550 1487 787 1528 vicinarum
818 1486 1088 1540 pendentem,
1121 1501 1249 1540 quam
1277 1488 1606 1541 exspectaveris,
1630 1489 1664 1528 si

119 1569 237 1596 mera
281 1555 490 1596 divisione
536 1553 703 1595 cellulae
749 1554 941 1595 matricis
977 1555 1208 1596 orirentur.
1268 1554 1369 1604 Quae
1401 1555 1445 1596 in
1475 1555 1663 1596 Dumon-

118 1623 268 1664 tiaceis
298 1623 397 1676 (Ay.
434 1623 528 1664 Tab.
562 1622 714 1664 XVII.
735 1622 809 1675 fiy.
841 1623 878 1674 5,
908 1625 1047 1664 8—10
1068 1623 1162 1676 etc.)
1193 1626 1456 1675 generantur
1488 1622 1663 1676 genuni-

120 1691 288 1732 diorum
334 1690 500 1732 cellulae
531 1694 751 1741 maternae,
783 1688 928 1744 plures
958 1691 1075 1732 intra
1107 1691 1300 1744 singulas
1330 1691 1508 1732 cellulas
1540 1705 1663 1744 vege-

119 1760 279 1800 tativas
310 1759 492 1810 seriatae,
526 1758 684 1809 liberae,
717 1762 766 1800 ut
795 1762 1008 1812 putarem,
1040 1762 1292 1810 nascuntur,
1324 1758 1496 1800 nucleos
1516 1762 1662 1800 autem

119 1827 197 1868 1100
228 1826 319 1868 1000
351 1826 576 1868 distinctos
607 1826 754 1867 videre
785 1826 891 1867 mihi
923 1841 1005 1867 non
1036 1827 1231 1880 contigit.

231 1893 281 1935 In
311 1893 476 1936 Genere
508 1894 749 1947 Polycoeh'ce
780 1896 966 1935 stratum
997 1893 1164 1935 frondis
1186 1894 1368 1936 interius
1390 1898 1559 1936 constat
1579 1894 1662 1936 cel-

119 1961 219 2004 lulis
263 1963 430 2016 magnis
475 1961 863 2007 lacunaeformibus,
910 1961 1082 2015 singula
1128 1962 1235 2004 serie
1277 1962 1581 2016 juxta-positis
1620 1963 1661 2003 in

118 2029 296 2083 planum
328 2044 422 2070 cum
454 2029 626 2083 paginis
655 2028 819 2070 frondis
850 2029 1136 2082 complanatae
1158 2029 1417 2083 parallelum
1439 2030 1539 2084 (Ay.
1565 2031 1660 2071 Ταῦ.

119 2097 254 2140 XIII.
274 2098 351 2152 fiy.
382 2099 445 2153 2).
506 2097 682 2139 Cellulae
713 2097 778 2139 hae
809 2098 1039 2139 interiores
1070 2098 1397 2140 circumdantur
1428 2098 1512 2140 filis
1534 2099 1663 2140 strati

118 2167 334 2208 corticalis
378 2166 999 2209 moniliformiter-articulatis
1044 2169 1087 2208 et
1132 2166 1331 2220 multiplo
1376 2167 1661 2217 tenuioribus,

118 2249 299 2289 quorum
330 2235 484 2276 intima
515 2238 617 2276 suut
648 2233 1017 2275 anastomosantia
1048 2236 1092 2274 et
1123 2233 1389 2275 reticulatim
1420 2234 1660 2287 conjuncta,

117 2305 248 2354 atque
292 2301 534 2354 parietibus
578 2300 832 2342 cellularum
863 2299 1231 2341 lacunaeformium
1262 2300 1481 2354 adpressa,
1514 2315 1565 2342 ne
1597 2301 1660 2341 di-

118 2383 211 2411 cam
232 2369 460 2423 impressa,
482 2370 699 2411 exteriora
720 2383 820 2410 vero
838 2373 938 2409 sunt
956 2368 1221 2410 verticaliter
1237 2370 1454 2410 exeuntia.
1486 2368 1658 2410 Summa

118 2438 254 2490 igitur
284 2440 349 2478 est
369 2436 615 2478 differentia
637 2437 749 2477 inter
772 2439 919 2489 partes
940 2436 1250 2477 constituentes
1271 2438 1497 2489 utriusque
1519 2437 1658 2477 strati.

118 2505 380 2547 Membranae
425 2505 677 2546 cellularum
714 2504 1083 2545 lacunaeformium
1115 2510 1215 2545 sunt
1245 2505 1477 2547 admodum
1507 2518 1660 2546 crassae

118 2578 161 2615 et
202 2573 463 2627 gelatinosae,
510 2572 648 2613 forma
693 2575 837 2613 tamen
876 2571 1055 2612 definita
1094 2571 1294 2613 cellulam
1326 2572 1586 2623 cohibentes,
1617 2576 1660 2614 ct

119 2643 276 2695 cuique
307 2641 471 2683 cellulae
504 2655 626 2681 suum
658 2644 723 2682 est
754 2640 1052 2681 endochroma.
1113 2639 1163 2681 In
1183 2639 1383 2693 partibus
1399 2639 1660 2693 juvenilibus

118 2710 281 2752 frondis
312 2708 479 2751 cellulae
510 2721 675 2762 magnae
707 2712 809 2749 sunt
840 2708 1018 2749 invicem
1050 2707 1263 2760 contiguae
1286 2709 1328 2748 et
1349 2707 1536 2760 parietes
1558 2709 1658 2750 vici-

118 2792 274 2819 narum
306 2776 553 2818 immediate
584 2789 674 2817 sese
705 2778 911 2828 tangunt3
942 2775 985 2816 in
1016 2775 1216 2828 partibus
1248 2788 1346 2815 vero
1369 2773 1658 2817 adultioribus

120 2848 296 2899 frondis,
341 2851 385 2888 et
429 2846 641 2901 praecipue
688 2845 730 2885 in
775 2844 1023 2893 fructiferis,
1056 2845 1169 2885 inter
1199 2844 1388 2897 parietes
1420 2843 1657 2885 vicinarum
