1937 3315
1584 180 1661 220 129

238 283 334 324 Fila
367 284 689 339 hyphaeformia,
722 300 815 340 quae
848 287 890 327 in
919 286 1197 339 Stemulmlia,
1229 289 1517 341 Arescleouyia
1548 290 1663 330 aliis-

127 365 208 404 que
240 352 470 393 admodum
504 368 647 395 crassa
680 354 850 405 adsunt,
883 369 977 395 cum
1010 355 1093 396 filis
1116 356 1252 398 multo
1275 357 1544 398 tenuioribus
1563 357 1663 398 Hel-

125 419 355 460 minthorae
401 421 585 474 analoga
630 423 831 472 assumsi3
878 422 991 475 quod
1039 438 1137 464 vero
1183 438 1236 465 an
1269 425 1367 478 jure
1400 426 1562 466 sactum
1595 426 1663 471 sit.

126 485 269 527 forsan
302 488 513 541 quispiam
546 489 782 540 dubitaret,
815 503 909 530 cum
942 490 984 530 in
1014 490 1093 531 hac
1115 494 1157 531 et
1188 492 1405 544 sparsiora
1436 492 1666 533 obveniant

125 557 167 593 et
198 554 241 594 in
274 554 360 594 illis
392 555 521 596 tubus
559 556 738 597 interior
769 560 981 609 angustus
1013 557 1249 599 desiderari
1283 559 1464 599 videtur.
1527 563 1663 609 Quum

128 636 224 663 vero
255 623 297 663 in
329 623 578 665 Nemalione
611 629 653 665 et
685 625 727 665 in
758 624 1025 678 Gloiophlaea
1057 626 1268 668 elementa
1298 628 1544 675 obveniunt.
1569 643 1663 681 quae

124 689 177 730 ob
223 690 482 731 affinitatem
528 691 776 744 plantarum
823 692 1007 745 analoga
1053 708 1268 735 assumere
1315 695 1379 735 fas
1418 696 1487 745 sit,
1525 696 1579 736 ab
1611 697 1662 736 iis

122 756 402 798 Stenocladiae
448 757 595 799 allatis
642 759 753 800 notis
800 759 869 799 vix
914 760 1176 811 recedentia,
1227 761 1483 803 concludere
1529 777 1660 804 ausus

121 839 213 865 sum
253 826 340 866 haec
372 825 516 865 omnia
547 825 629 866 sibi
660 827 930 879 respondere.
964 826 1067 867 licet
1098 828 1140 868 in
1171 827 1353 869 diversis
1385 830 1546 882 plantis
1578 832 1662 872 sint

120 893 298 933 invicem
330 894 549 947 paulisper
581 893 819 935 dissimilia.
880 894 945 935 Ex
978 895 1118 936 altera
1150 899 1295 937 autem
1327 902 1450 950 parte
1478 898 1549 938 fila
1574 899 1662 940 haec

121 962 318 1002 tenuiora
358 961 685 1013 Helminthorae‚
717 961 968 1016 Polycoeliae
1000 963 1272 1017 aliarumque
1305 964 1461 1005 miram
1493 980 1662 1019 quoque

121 1029 312 1083 produnt
354 1029 678 1071 similitudinem
711 1045 805 1072 cum
838 1031 921 1072 filis
953 1031 1050 1077 illis,
1083 1046 1176 1085 quae
1208 1033 1250 1073 in
1283 1033 1554 1087 Dudresnaja
1585 1035 1663 1075 sul)

121 1098 290 1139 nomine
336 1098 483 1140 ”tubes
528 1099 832 1141 connecteurs”
879 1099 1097 1153 descripta
1134 1100 1324 1151 fuerunt,
1358 1105 1400 1142 et
1432 1102 1588 1155 quibus
1620 1104 1662 1143 in

121 1166 317 1208 doctrina
360 1167 411 1209 de
449 1167 778 1209 foecundatione
810 1168 1107 1210 Floridearum
1157 1169 1379 1211 celebrata
1425 1170 1664 1212 functiones

120 1235 296 1276 maximi
327 1236 531 1277 momenti
561 1236 886 1278 adtribuuntur.

234 1370 510 1424 Expositione
553 1386 684 1425 supra
714 1371 819 1413 data
851 1375 1080 1414 structurae
1114 1373 1411 1416 Floridearum
1446 1378 1579 1428 patet,
1614 1379 1662 1416 ut

122 1442 334 1491 putarem,
372 1440 556 1493 majores
591 1454 681 1481 esse
712 1440 757 1481 in
789 1440 968 1481 diversis
1000 1440 1279 1492 differentias,
1312 1447 1354 1483 et
1386 1443 1507 1495 quasi
1541 1447 1663 1497 typos

121 1512 349 1549 structurae.
380 1507 541 1561 plures,
575 1521 705 1560 quam
736 1509 779 1549 in
810 1508 985 1550 familiis
1016 1509 1265 1562 plantarum
1296 1511 1428 1564 probe
1446 1511 1660 1552 naturali-

120 1576 199 1616 bus
229 1575 483 1629 plerumque
514 1575 781 1617 offendimus.
829 1576 1067 1618 Structurae
1090 1577 1365 1620 diversitates
1386 1593 1478 1620 esse
1500 1579 1659 1620 diversi

121 1644 302 1694 generis,
350 1648 392 1685 et
429 1643 536 1685 alias
575 1643 659 1684 alio
691 1644 816 1685 modo
847 1644 965 1694 oriri,
997 1644 1262 1697 diversisque
1295 1644 1586 1687 functionibus
1616 1647 1658 1687 in

120 1711 300 1751 diversis
331 1710 493 1764 plantis
524 1725 633 1763 saepe
665 1711 884 1762 inservire,
917 1725 1086 1764 quoque
1119 1712 1299 1754 eluceat.

232 1778 329 1820 Jam
361 1782 492 1820 antea
523 1779 760 1820 indicatum
792 1779 875 1819 fuit
905 1793 987 1820 non
1020 1793 1112 1819 cam
1145 1794 1235 1821 esse
1256 1781 1370 1822 inter
1392 1785 1657 1823 structuram

119 1847 332 1887 internam
378 1850 421 1888 et
466 1846 648 1888 formam
694 1846 858 1888 frondis
897 1850 1120 1888 externam
1152 1848 1378 1899 rationem⁷
1411 1853 1458 1890 ut
1492 1865 1575 1891 una
1607 1865 1658 1892 ex

119 1914 260 1955 altera
306 1914 618 1967 quodammodo
662 1914 882 1968 penderet.
945 1915 1002 1956 Et
1047 1915 1209 1957 formas
1246 1920 1448 1958 externas
1479 1918 1658 1959 invicem

119 1982 350 2024 admodum
396 1983 622 2024 dissimiles
668 1983 818 2025 eadem
864 1987 1086 2025 structura
1132 1985 1329 2035 donatas,
1376 1989 1419 2027 et
1457 1990 1660 2027 externas

120 2050 292 2092 frondes
324 2051 567 2092 subsimiles
600 2051 771 2092 diversa
803 2054 1025 2092 structura
1056 2053 1293 2095 instructas
1325 2053 1541 2105 obvenire,
1560 2068 1659 2096 con-

120 2122 220 2160 stat.
280 2118 521 2172 Gigartinae
553 2119 728 2172 specieS,
761 2119 982 2160 simillima
1014 2123 1237 2162 structura
1268 2119 1476 2175 prae'ditae,
1499 2121 1658 2164 formas

119 2255 256 2299 hyphis
282 2258 514 2298 contextum,
542 2256 642 2300 quod
668 2259 790 2291 strato
816 2257 1053 2301 gonidiorum
1083 2260 1241 2301 utroque
1267 2258 1387 2291 latere
1407 2258 1574 2302 paginali
1593 2260 1656 2292 ob-

120 2315 316 2356 tegeretur
346 2333 377 2337 --
407 2313 572 2357 gonidiis
612 2316 739 2347 tamen
779 2313 1072 2347 endochromatc
1113 2314 1224 2347 aliter
1250 2315 1417 2348 colorato
1445 2315 1657 2348 instructis.

120 2370 170 2401 At
204 2368 241 2401 in
266 2368 455 2402 Florideis
481 2368 546 2403 fila
571 2369 844 2413 hyphaeformia
870 2370 1088 2413 neutiquam
1117 2370 1298 2413 primaria
1325 2374 1426 2413 sunt,
1455 2382 1522 2403 nec
1549 2371 1656 2414 goni-

121 2425 182 2458 dia
218 2425 429 2458 formantur
459 2436 480 2458 a
514 2426 659 2459 ramulo
691 2427 842 2460 laterali
868 2426 1091 2469 hypharum,
1119 2427 1181 2469 qui
1210 2427 1348 2460 sensim
1376 2426 1529 2460 inflatur
1555 2431 1593 2461 et
1618 2427 1656 2460 in

121 2482 295 2515 cellulam
334 2481 413 2515 abit
451 2482 669 2523 coloratam,
701 2485 743 2515 ut
767 2483 847 2521 hoc,
875 2482 1135 2525 praeeuntibus
1163 2483 1397 2515 BAarorrEu
1423 2486 1460 2515 et
1488 2483 1656 2516 ScnwEN-

121 2549 235 2571 nENER
261 2537 381 2581 (1866)
407 2537 535 2570 docuit
560 2537 614 2570 DE
640 2538 738 2571 Bam*
765 2537 907 2580 (Hofm.
936 2538 959 2571 l.
985 2548 1013 2571 c.
1036 2550 1074 2581 p.
1100 2540 1175 2572 258
1201 2541 1234 2571 et
1253 2550 1292 2581 p.
1319 2541 1418 2581 259),
1447 2542 1484 2571 et
1510 2550 1656 2583 quoque

121 2595 306 2638 quomodo
333 2595 419 2628 firet
445 2595 469 2628 1.
495 2605 525 2628 c.
550 2594 721 2629 iconibus
759 2594 981 2628 illustravit.
1030 2595 1159 2638 Neque
1197 2595 1244 2628 ob
1283 2594 1469 2628 elementa
1498 2596 1657 2638 analoga

122 2654 160 2684 et
196 2650 431 2685 consimilem
471 2650 759 2694 dispositionem
798 2650 960 2693 partium
1000 2650 1039 2683 in
1079 2650 1320 2684 Stenocladia
1356 2654 1393 2683 et
1425 2650 1656 2685 Lichenibus

122 2708 251 2741 multis
278 2707 504 2741 concludere
531 2707 709 2740 auderem
737 2707 1014 2741 Stenocladiam
1043 2710 1217 2741 constare
1245 2707 1330 2751 alga
1348 2707 1504 2749 quadani
1526 2707 1655 2741 Proto-

122 2763 330 2806 coceoidea,
358 2774 441 2797 cum
468 2775 539 2807 qua
564 2763 719 2807 Fungus
747 2764 896 2807 quidam
924 2764 1089 2797 marinus
1118 2764 1306 2807 symbiose
1334 2764 1448 2797 vitam
1476 2764 1655 2809 degerem

123 2832 244 2864 neque
283 2820 394 2854 aliam
424 2820 639 2854 Florideam
666 2821 758 2854 mihi
784 2821 975 2865 cognitam
1002 2822 1133 2862 habco,
1160 2821 1265 2864 cujus
1293 2823 1483 2854 structura
1511 2826 1575 2855 aut
1602 2824 1655 2857 vi-

122 2877 235 2911 vendi
261 2876 370 2911 modo
397 2877 570 2911 doctrina
595 2876 662 2911 illa
686 2877 799 2912 hodie
827 2878 981 2922 vulgata
1007 2878 1331 2912 corroboraretur.

1541 2936 1562 2968 9
