1937 3315
240 193 290 232 72

239 303 397 344 branas
428 302 681 343 cellularum
713 301 953 342 vicinarum
984 302 1264 354 separaverit,
1299 302 1455 344 sensim
1477 303 1616 345 vicina
1639 303 1782 357 spatia

238 369 581 411 intercellularia
627 369 783 421 tangit,
832 383 927 410 cuni
973 369 1130 422 quibus
1169 369 1354 422 denique
1401 369 1679 423 conjungitur
1708 384 1779 411 ra-

238 438 331 482 diis,
379 438 545 478 conicos
585 436 759 478 tubulos
797 437 1120 479 mentientibus.
1184 437 1227 479 Si
1272 437 1457 489 demum,
1502 452 1634 491 opera
1665 439 1780 480 succi

238 505 492 554 coacervati,
538 505 790 546 membrana
836 504 1106 545 circumdans
1144 505 1321 557 propria
1357 505 1519 547 meatui
1550 505 1777 555 formatur,

238 573 406 614 cellulzc
452 587 569 613 novw
608 573 921 623 interstitiales,
954 588 1050 614 cum
1080 573 1289 626 proximis
1328 573 1477 615 eodem
1517 573 1643 615 modo
1674 574 1783 615 ortis

239 640 448 694 copulata*
481 644 523 681 et
554 640 821 682 reticulatim
866 641 1115 694 conjunctae,
1154 644 1341 695 systema
1387 641 1642 682 cellularum
1687 640 1780 682 effi-

238 709 369 759 ciant,
417 708 530 761 quod
577 713 703 749 extra
748 708 927 749 cellulas
970 709 1200 761 primarias
1245 709 1440 762 pervium
1487 722 1612 750 usum
1642 709 1781 762 parti-

234 778 313 819 bus
359 777 413 818 ab
460 778 673 818 exteriore
719 777 775 818 ad
820 777 1042 820 interiora.
1075 781 1117 818 et
1149 777 1203 818 ab
1235 777 1438 819 inferiore
1469 777 1524 819 ad
1557 776 1781 831 superiora

238 846 512 888 venientibus
544 846 785 899 permittat.

351 914 402 955 In
434 914 647 955 Florideis
679 917 892 967 praeterea
922 913 1167 966 frequentia
1198 918 1299 954 sunt
1330 928 1506 967 organa,
1538 928 1632 967 quae
1654 928 1782 967 poros

238 981 512 1036 ('’Tiipfeln”)
544 981 890 1023 denominarunt.
933 981 1036 1022 Haec
1067 983 1266 1022 constant
1297 981 1440 1022 canali
1462 981 1782 1035 angustissimo⁷

238 1051 428 1103 parietes
474 1063 585 1102 saepe
632 1049 939 1090 crassiusculos
987 1051 1030 1090 et
1066 1048 1309 1090 lamellosos
1340 1053 1586 1090 transverse
1616 1064 1783 1103 perme-

238 1122 351 1159 ante.
412 1117 727 1167 Endochroma,
762 1118 876 1170 quod
909 1117 1068 1170 parieti
1099 1117 1295 1159 interiori
1330 1118 1495 1159 cellulae
1527 1118 1783 1172 plerumque

239 1187 514 1239 adprimitur,
559 1186 691 1227 etiam
723 1186 915 1227 canalem
947 1186 1041 1239 pori
1071 1186 1238 1227 intrare
1269 1190 1471 1239 apparet3
1520 1187 1622 1239 quin
1654 1187 1782 1229 immo

239 1254 338 1294 huic
385 1255 546 1295 arctius
591 1255 813 1295 adhaerere
861 1257 1101 1305 censeatur7
1135 1268 1267 1306 (pium
1299 1254 1550 1307 frequenter
1580 1254 1782 1295 obveniat

240 1322 538 1364 endochroma,
578 1322 691 1375 quod
724 1336 852 1363 causa
885 1322 1072 1375 quadam
1103 1336 1193 1363 sese
1225 1322 1493 1363 contraherit
1524 1323 1566 1363 in
1596 1321 1782 1363 inediam

237 1395 406 1443 partem
438 1390 616 1440 celhrlae,
649 1394 795 1431 tamen
826 1389 962 1430 radiis
995 1390 1159 1430 emissis
1191 1404 1282 1430 cum
1307 1390 1421 1442 poris
1444 1389 1658 1430 cohaerere
1681 1389 1782 1442 (Ass.

242 1458 338 1498 Tali.
373 1458 472 1498 XV.
492 1460 567 1511 fifl-
600 1461 625 1498 7
656 1461 693 1498 et
723 1458 784 1511 8).
836 1457 948 1506 Quot
978 1457 1113 1510 igitur
1143 1461 1246 1497 sunt
1276 1457 1382 1510 pori,
1414 1459 1479 1498 tot
1512 1457 1665 1510 saepius
1697 1457 1785 1498 sint

237 1526 363 1566 radia
394 1524 761 1575 endochromatis3
793 1527 835 1565 et
867 1524 979 1564 radii
1010 1524 1284 1577 praesentiam
1315 1525 1422 1578 pori,
1445 1524 1488 1565 ni
1509 1524 1649 1571 fallor,
1673 1538 1781 1566 sem-

238 1610 315 1648 per
352 1595 559 1636 indicant.
622 1594 672 1635 In
718 1594 1036 1648 Polysiphoniis
1085 1594 1475 1635 brevi-articulatis
1512 1598 1782 1635 transversa-

240 1663 340 1704 liter
386 1663 513 1704 sectis
560 1661 647 1702 vidi
694 1665 759 1703 tot
805 1662 949 1702 radios
997 1661 1342 1703 endochromatis
1380 1662 1434 1702 ab
1467 1661 1574 1702 axili
1605 1662 1782 1715 siphone

238 1731 549 1783 provenientes,
583 1733 688 1782 quot
719 1730 895 1770 fuerunt
918 1729 1116 1782 siphones
1137 1729 1465 1783 pericentrales3
1498 1729 1679 1782 singulis
1701 1730 1782 1783 igi-

238 1802 311 1839 tur
357 1798 606 1851 siphonibus
637 1797 997 1851 pericentralibus
1026 1811 1179 1850 porum
1211 1798 1265 1838 ab
1298 1797 1404 1838 axili
1436 1797 1673 1839 conducere
1704 1797 1781 1838 ad—

240 1870 364 1920 paret
396 1866 495 1919 (Ass.
532 1866 628 1906 Tul).
663 1865 895 1905 XXXIII.
915 1865 990 1917 fiy.
1026 1868 1052 1905 5
1083 1869 1121 1906 et
1151 1866 1211 1911 4).

353 1934 404 1974 In
442 1933 650 1973 Florideis
682 1932 953 1973 filiformibus
985 1932 1244 1981 articulatis,
1277 1946 1457 1985 quorum
1490 1932 1665 1973 articuli
1697 1932 1781 1974 cel-

240 2002 342 2043 lulis
388 2001 568 2054 singulis
607 2000 890 2053 superpositis
923 2003 1135 2047 constant,
1170 2000 1263 2053 pori
1295 2000 1452 2053 singuli
1484 2014 1561 2053 per
1590 2000 1780 2041 medium

239 2069 599 2122 diaphragmatiS,
647 2068 760 2120 quod
807 2067 1014 2108 articulos
1061 2071 1247 2121 separat,
1296 2067 1414 2108 ducti
1446 2068 1778 2121 conspiciantur.

240 2138 308 2178 Ita
338 2137 382 2177 in
414 2136 564 2177 Ballio
596 2135 834 2176 callim-[elea
863 2135 963 2188 (Ay.
1000 2135 1095 2176 Tal».
1128 2135 1303 2188 IILflQrs.
1332 2139 1357 2176 6·
1379 2139 1415 2176 et
1438 2136 1483 2188 7)
1514 2136 1556 2175 in
1589 2135 1780 2176 Ceiamio

239 2207 470 2246 clim-remeato
502 2204 601 2256 (Agl.
640 2204 731 2244 Ταῦ.
765 2202 852 2243 ΙΙΙ.
871 2203 949 2255 fiy.
980 2203 1053 2256 14)
1085 2202 1280 2255 aliisque.
1327 2201 1467 2255 Supra
1498 2202 1588 2242 dixi
1608 2202 1714 2242 mihi
1736 2202 1779 2243 in

240 2271 499 2325 quibusdam
545 2270 753 2311 Ccrainiis
799 2271 1028 2324 contigisse
1064 2274 1204 2310 totum
1237 2269 1498 2323 adparatum
1530 2270 1779 2311 corticalem

241 2353 442 2393 separare
474 2353 499 2379 a
531 2338 697 2378 cellulis
744 2338 1037 2389 interioribus,
1083 2337 1243 2389 quibus
1280 2337 1524 2378 formantur
1559 2338 1640 2391 ipsi
1671 2339 1779 2379 arti-

240 2409 322 2449 culi
355 2407 538 2457 frondis3
578 2407 620 2446 in
652 2406 849 2447 articulis
880 2407 943 2447 ita
974 2406 1203 2447 denudatis
1234 2405 1322 2446 vidi
1352 2405 1533 2446 fundum
1566 2407 1609 2447 in
1640 2407 1779 2449 medio

240 2475 384 2516 conice
421 2488 656 2527 expansum
693 2474 906 2526 permeari
938 2487 1041 2526 poro
1074 2473 1221 2513 hiante
1253 2473 1515 2514 evidentiore
1546 2473 1647 2526 (Ay.
1684 2476 1778 2516 Tab.

239 2543 326 2583 III.
347 2544 422 2595 fies.
454 2543 539 2595 19).
602 2541 651 2582 In
696 2541 977 2593 Dudrcsnajct
1022 2543 1219 2592 coccinea,
1258 2541 1379 2594 cujus
1410 2541 1586 2582 articuli
1617 2542 1777 2583 caulini

239 2611 393 2652 latiore
439 2610 769 2663 diaphragmate
816 2608 989 2662 hyalino
1034 2609 1214 2650 invicem
1246 2612 1514 2662 separant-ur,
1547 2609 1633 2649 vidi
1664 2609 1778 2663 (foco

240 2678 389 2718 mediae
421 2678 559 2731 partis
591 2678 675 2718 rite
707 2678 896 2729 invento)
931 2676 1108 2718 cellulas
1140 2677 1256 2717 intra
1287 2676 1520 2717 cuticulam
1551 2677 1776 2718 interiores

243 2745 383 2785 conice
414 2744 706 2798 prolongatas,
739 2744 782 2784 in
812 2742 953 2784 medio
985 2743 1334 2797 diaphragmatis
1365 2743 1523 2791 obvias,
1555 2757 1659 2796 poro
1691 2745 1776 2785 sin-

242 2812 363 2863 gulas
409 2812 730 2865 permeantibus
775 2811 975 2863 conjungi
1020 2812 1119 2864 (Ay.
1163 2812 1256 2852 Tae».
1291 2811 1512 2863 XVLfiy.
1543 2812 1603 2864 ὃ).
1666 2810 1777 2853 Loco

241 2882 357 2919 certo
403 2880 465 2919 ita
510 2879 837 2920 obvenientibus
881 2880 999 2932 poris
1045 2884 1186 2920 certas
1232 2892 1401 2931 quoque
1438 2878 1481 2918 in
1519 2878 1607 2918 vita
1640 2877 1776 2919 Flori-
