1937 3315
280 184 353 223 104

386 291 495 343 Quid
543 292 629 332 sint
674 290 760 339 fila,
807 303 903 330 mox
952 288 1181 342 descripta,
1221 303 1246 328 a
1278 288 1486 340 geniculis
1517 288 1811 331 Ceramiorum

273 358 575 401 descendentia
608 359 751 398 forsan
783 355 1003 397 difficilius
1034 356 1209 396 dicitur.
1255 354 1361 397 Cum
1382 354 1465 396 filis
1487 354 1813 398 decurrentibus

273 425 678 468 Callithanniiorum
709 425 879 465 omnino
911 423 1097 477 analoga
1124 424 1192 464 vix
1217 424 1416 473 dicerem,
1439 422 1540 464 licet
1561 423 1813 466 evolutionis

273 493 420 536 ordine
453 492 736 533 descendente
769 491 994 533 convenire
1027 492 1255 533 videantur
1285 491 1386 544 (Ay.
1409 491 1434 532 l.
1457 506 1488 531 c.
1499 492 1575 544 figs.
1597 494 1649 531 14
1669 495 1705 532 et
1727 494 1813 545 17).

273 561 322 602 In
367 559 533 601 Genere
578 560 689 601 enim
728 558 1057 609 Centroceratis‚
1098 559 1211 612 quod
1243 564 1307 601 est
1338 558 1533 601 Ceramio
1565 559 1654 600 sine
1685 558 1815 601 dubio

273 629 527 683 proximum,
561 632 749 669 stratum
780 628 905 670 adest
937 628 1151 679 corticale7
1184 628 1307 681 (ujus
1334 626 1500 668 cellulae
1522 627 1566 668 in
1587 627 1718 668 series
1740 626 1815 668 ad-

273 697 445 738 modum
476 696 700 750 regulares
732 697 1018 750 disponuntur
1050 697 1150 750 (Ay.
1184 697 1263 738 tal).
1296 696 1383 737 III.
1404 697 1479 749 figl.
1501 697 1592 750 25),
1624 709 1816 748 quasque

273 765 336 806 ita
381 768 568 805 stratum
614 764 816 805 corticale
862 765 1083 818 proprium
1116 764 1377 805 constituere
1409 763 1553 817 potius
1585 763 1817 805 crederem.

274 832 393 873 Idem
425 831 529 873 mihi
562 831 715 873 suadet
745 836 968 874 structura
999 833 1182 875 Ceramiz'
1211 834 1398 883 uerrutis,
1431 845 1526 884 quae
1557 835 1702 873 tamen
1723 845 1816 884 spe-

274 901 370 950 cies,
402 899 548 941 fructu
580 899 722 941 adhuc
752 900 914 953 ignoto,
948 900 1094 941 forsan
1126 900 1295 941 cuidam
1327 900 1528 941 videatur
1561 899 1692 941 dubia
1723 899 1817 940 affi-

274 969 424 1010 nitate.
487 967 683 1009 Sectione
730 968 856 1021 hujus
902 968 1019 1010 facta
1050 968 1356 1022 longitudinali
1387 968 1487 1021 (Ay.
1519 968 1599 1009 tab.
1633 967 1720 1009 ΙΙΙ.
1740 969 1817 1021 fiy.

272 1037 393 1091 ,2011)
438 1040 702 1078 structuram
742 1037 901 1088 videas,
935 1051 1063 1090 quam
1095 1036 1149 1077 ab
1181 1051 1231 1078 ea
1262 1035 1446 1077 Ceramii
1476 1035 1597 1077 rubri
1629 1050 1711 1077 non
1743 1035 1818 1077 ad-

274 1105 447 1146 modum
478 1105 748 1147 recedentem
780 1105 990 1147 crederes.
1051 1105 1244 1147 Sectione
1276 1108 1422 1146 autem
1454 1104 1570 1146 facta
1600 1108 1819 1146 transver-

275 1175 355 1217 sali
387 1175 488 1228 (Ay.
520 1176 545 1216 l.
578 1190 609 1216 c.
631 1177 704 1228 stis]—
737 1178 794 1217 20
812 1175 854 1229 b)
889 1174 1052 1216 videbis
1083 1174 1285 1216 cellulam
1308 1187 1509 1227 magnam
1531 1173 1701 1223 axilem‚
1726 1187 1819 1227 quae

275 1243 453 1297 propria
484 1257 561 1284 sua
592 1243 842 1284 membrana
873 1243 1096 1285 lamellosa
1127 1243 1328 1296 cingitur,
1352 1256 1441 1284 esse
1463 1246 1640 1284 externe
1660 1245 1818 1283 tectam

276 1314 414 1352 strato
460 1310 657 1351 corticali
703 1310 958 1352 cellularum
1004 1311 1230 1358 minorum,
1277 1310 1400 1363 quasi
1445 1309 1489 1350 in
1526 1309 1617 1363 ipso
1652 1309 1819 1363 pariete

276 1378 451 1420 articuli
498 1378 810 1420 immersorum.
870 1377 1045 1420 Cellulae
1095 1378 1160 1419 hee
1207 1377 1435 1419 corticales
1480 1377 1523 1418 in
1561 1377 1635 1418 fila
1673 1377 1821 1419 brevia

276 1446 592 1496 moniliibrmia,
640 1450 884 1488 extrorsum
926 1446 1156 1496 radiantia,
1189 1445 1462 1496 ordinantur,
1494 1449 1537 1486 et
1568 1445 1648 1486 hac
1680 1445 1819 1500 dispo-

277 1516 429 1557 sitione
476 1519 543 1556 sat
586 1516 856 1569 perspicuam
901 1514 1087 1557 offerunt
1131 1514 1377 1568 analogiam
1415 1528 1512 1555 cum
1543 1513 1692 1555 multis
1723 1513 1821 1555 aliis

277 1583 501 1631 Florideis,
540 1597 723 1635 quarum
761 1587 948 1625 stratum
981 1583 1185 1624 corticale
1218 1582 1509 1624 consimilibus
1540 1581 1624 1623 filis
1654 1597 1821 1636 compo-

276 1652 407 1693 nitur.
470 1650 527 1693 Ut
557 1652 600 1692 in
631 1651 696 1692 his
729 1652 883 1705 saepius
914 1651 1109 1693 obtineat
1139 1651 1212 1692 fila
1243 1650 1469 1692 corticalia
1499 1664 1589 1691 esse
1620 1650 1822 1692 immersa

277 1723 414 1761 strato
461 1719 645 1772 quodam
692 1719 929 1773 gelatinoso
969 1723 1012 1761 et
1043 1718 1231 1774 hyalino,
1264 1719 1327 1759 ita
1358 1718 1489 1760 etiam
1522 1717 1640 1759 frons
1670 1718 1714 1759 in
1744 1717 1820 1760 Ce—

276 1787 412 1829 ralnio
460 1787 623 1828 nitente
669 1787 808 1840 magis
845 1787 1085 1840 gelatinosa
1123 1790 1334 1840 appareat
1366 1800 1495 1840 quam
1525 1786 1568 1827 in
1599 1785 1695 1827 aliis
1727 1801 1820 1840 spe-

276 1856 420 1898 ciebus
452 1855 648 1897 Ceramii.
711 1855 919 1909 Adposito
951 1855 1040 1897 CM.
1073 1856 1118 1897 Z.
1150 1855 1275 1897 Jodz'o
1307 1854 1394 1895 vidi
1426 1854 1631 1895 extimam
1651 1859 1820 1908 partem

278 1972 363 2006 dam
389 1971 500 2005 strati
525 1971 736 2007 corticalis:
765 1974 803 2005 et
828 1971 885 2004 his
912 1970 1095 2004 insistens
1123 1970 1258 2003 statuit
1284 1981 1427 2015 organa
1452 1969 1716 2004 Floridearum
1741 1984 1816 2006 om-

278 2030 377 2062 nium
406 2027 463 2061 his
490 2028 778 2062 diversitatibus
806 2028 1064 2072 dignoscenda
1089 2039 1172 2061 esse
1190 2027 1472 2072 (Zeitsclcr.fc'tr
1498 2028 1713 2062 Wissensch.
1734 2029 1819 2063 Boc.

278 2085 356 2119 ΙΙΙ.
380 2096 417 2128 p.
446 2087 543 2125 1722).
594 2084 665 2118 Sed
703 2084 742 2118 hi
780 2085 1020 2118 characteres
1060 2096 1287 2129 organorum
1320 2085 1358 2118 in
1385 2085 1468 2130 ipso
1494 2084 1646 2129 quidem
1673 2086 1820 2120 Genere

278 2139 572 2185 Polysiphoniae‚
599 2140 813 2184 niejudice‚
834 2140 1033 2180 deficiuntzr
1062 2144 1150 2173 sunt
1169 2140 1266 2174 enim
1287 2141 1459 2185 plurimae
1481 2140 1624 2184 species
1642 2145 1819 2186 repentes

279 2197 629 2242 (Her-posiplwm’cce),
668 2198 802 2241 quibus
841 2203 899 2231 est
937 2202 1097 2231 stratum
1136 2198 1315 2232 corticale
1355 2199 1510 2242 nullum,
1544 2204 1582 2233 et
1613 2202 1740 2233 tamen
1766 2199 1818 2232 ha*

279 2255 434 2288 rhizinis
472 2267 578 2298 aeque
618 2256 712 2289 bene
753 2259 841 2289 sunt
867 2255 1065 2289 instructae
1094 2266 1135 2288 ac
1162 2255 1307 2299 species
1335 2256 1529 2290 corticatae
1557 2256 1640 2300 (cfr.
1669 2256 1821 2300 Hmvey

279 2313 390 2357 l'legzsc.
416 2316 532 2347 (auser.
560 2313 630 2346 tab.
660 2316 727 2347 135
754 2315 786 2346 et
816 2313 898 2346 Tab.
924 2314 1019 2355 242;
1054 2313 1142 2347 Ner.
1177 2312 1260 2347 Bor.
1290 2313 1409 2346 Anwr.
1437 2314 1493 2348 II.
1518 2314 1602 2347 Tab.
1624 2314 1735 2349 XVI.
1757 2316 1821 2357 B),-

278 2381 347 2403 nec
384 2369 475 2403 mihi
513 2370 634 2413 liquet
660 2382 705 2403 an
734 2370 795 2404 alii
825 2370 890 2414 pili
918 2370 954 2403 in
982 2370 1252 2414 Polysiphonia
1278 2383 1411 2405 revera
1437 2372 1564 2406 adsint
1591 2384 1698 2415 quam
1727 2384 1818 2416 quos

278 2426 367 2461 folia
391 2426 482 2461 fecit
507 2426 666 2471 Naegeli.
716 2426 809 2460 Sunt
836 2427 980 2471 species
1008 2426 1268 2461 Floridearnni
1296 2427 1333 2461 in
1362 2428 1497 2472 quibus
1523 2430 1569 2463 ab
1597 2429 1726 2463 eadem
1745 2429 1818 2463 ccl-

279 2484 365 2523 11113,
404 2496 485 2527 quae
523 2484 560 2517 in
600 2484 795 2528 superiore
829 2488 936 2528 parte
970 2496 1113 2517 ramum
1140 2488 1309 2529 generat,
1337 2485 1554 2519 demittitur
1581 2486 1749 2520 radicula
1775 2487 1819 2520 ab

278 2540 456 2575 inferiore
482 2544 601 2584 parte,
630 2544 670 2574 ut
696 2552 809 2584 supra
835 2540 1018 2584 exemplis
1047 2541 1310 2575 demonstrare
1329 2544 1485 2575 conatus
1506 2554 1598 2575 sum.
1648 2543 1680 2575 A
1699 2545 1820 2576 strato

277 2597 448 2631 cortic-ali
486 2598 740 2631 Ceramioruni
767 2609 908 2643 organa
933 2598 1176 2641 proveniunt,
1208 2610 1290 2641 quae
1317 2611 1440 2633 ramos
1466 2599 1698 2633 adventitios
1718 2598 1816 2642 judi-

278 2654 370 2688 cavi.
391 2655 447 2688 Ab
464 2654 593 2687 eadeni
610 2653 960 2688 Callithainniorum
976 2654 1113 2688 cellula
1130 2655 1261 2697 (Harl).
1274 2655 1385 2699 Plzyc.
1401 2657 1520 2689 austr.
1538 2655 1607 2688 tab.
1626 2653 1817 2687 XXXVI.

278 2715 311 2745 ct
339 2711 422 2744 Tab.
450 2709 703 2754 (JGXXVII.)
741 2714 805 2744 aut
841 2722 861 2743 a
897 2711 1045 2744 cellulis
1085 2711 1146 2745 vix
1184 2711 1454 2755 dignoscendis
1489 2722 1586 2744 nunc
1617 2709 1819 2753 provenire

280 2767 465 2810 plumulas
493 2767 634 2801 ambitu
663 2767 851 2805 delinitas,
880 2779 977 2799 nunc
1006 2779 1126 2801 ramos
1155 2768 1423 2802 snbindefinite
1451 2766 1816 2808 a001·esoe11t0s‚j·.nn

280 2835 391 2866 supra
428 2835 572 2866 quoque
605 2824 741 2857 monui.
794 2822 859 2857 His
886 2823 1032 2856 facilius
1061 2824 1151 2858 mihi
1182 2826 1424 2868 persuadeam
1453 2823 1636 2868 ejusmodi
1663 2823 1814 2857 charac-

281 2879 424 2912 teribus
452 2889 592 2921 organa
619 2878 876 2913 Fici-idearum
905 2879 1003 2912 haud
1032 2892 1113 2915 esse
1141 2880 1409 2925 dignoscenda.
