1937 3315
255 203 307 243 88

253 317 291 353 et
330 313 419 353 Tah.
454 310 656 351 XXXII.
677 311 752 363 ιῖῐῃ.
784 313 844 352 ,25
874 314 911 351 et
940 312 1033 365 26).
1094 310 1203 351 Hinc
1236 310 1333 364 jure
1364 312 1549 364 quodam
1581 326 1799 354 assumere

258 380 359 420 mihi
407 380 519 420 visus
566 393 658 420 sum
705 379 884 421 cellulas
915 394 941 421 a
972 379 1199 421 meatubus
1244 379 1636 422 intercellularibus
1681 385 1800 423 ortas

256 448 404 498 fuisse;
451 448 654 488 nimirum
702 448 777 489 hos
822 448 1038 489 osmoticis
1070 447 1233 488 viribus
1278 447 1564 490 endochroma
1609 450 1800 503 suscipu-

255 517 350 565 isse,
383 530 466 567 quo
499 515 654 557 sensim
687 519 959 570 turgescente
991 520 1033 558 et
1070 516 1268 557 uberiore
1309 515 1391 569 ipsi
1432 517 1586 558 sensim
1623 518 1800 571 expansi

257 583 435 633 suerint3
468 583 725 637 demumque
757 584 1053 626 membranam
1084 584 1171 625 illis
1201 585 1420 638 propriam
1443 585 1632 638 ipsorum
1655 584 1802 626 labore

257 651 385 692 fuisse
418 653 609 692 creatam
627 651 683 705 >³).

370 718 425 760 Et
471 719 514 760 in
551 719 855 774 Polysiphonia
886 724 929 762 et
960 721 1004 762 in
1035 721 1134 762 aliis
1166 719 1468 762 Rhodomeleis
1498 719 1674 761 frondes
1705 734 1803 773 pro-

256 787 493 840 longantur
524 786 767 830 evolutione
800 792 842 829 ct
874 788 1167 830 subdivisione
1199 787 1366 829 cellulae
1388 787 1640 829 terminalis.
1691 787 1805 837 Quot

256 859 355 896 sunt
400 855 577 896 articuli
623 857 729 905 nati,
768 860 832 898 tot
863 858 1055 911 cogitare
1085 857 1186 899 licet
1217 855 1501 898 articulorum
1533 855 1806 897 membranas

256 924 372 964 intra
418 923 713 965 membranam
759 925 893 967 totius
938 925 1104 967 frondis
1133 924 1425 979 (cuticulam).
1488 923 1674 965 Articuli
1705 923 1804 965 sub-

257 990 514 1031 dividuntur
545 991 816 1044 siphonibus3
849 995 954 1045 quot
985 992 1122 1046 igitur
1152 995 1253 1033 sunt
1284 991 1492 1044 siphones,
1525 994 1590 1032 tot
1621 995 1721 1032 sunt
1752 991 1806 1032 si-

257 1059 445 1113 phonum
489 1059 749 1101 membranae
794 1060 911 1102 intra
947 1060 1243 1102 membranam
1274 1059 1465 1101 articuli.
1524 1058 1644 1100 Inter
1675 1073 1806 1100 mem-

259 1129 416 1170 branas
459 1129 536 1170 has
568 1144 726 1180 omnes,
758 1130 1015 1183 ubicumque
1047 1129 1221 1170 inclusae
1252 1127 1418 1169 cellulae
1449 1126 1619 1181 angulis
1650 1127 1806 1181 adpro-

256 1198 492 1247 ximantur,
533 1198 675 1250 spatia
706 1197 1048 1239 intercellularia
1078 1200 1329 1251 exspectare
1362 1195 1507 1237 forsan
1539 1195 1687 1245 liceat3
1733 1195 1807 1236 sed

258 1265 474 1319 praecipue
506 1264 549 1305 in
583 1265 742 1306 vicinia
772 1265 1067 1319 geniculorum
1099 1264 1240 1318 spatia
1261 1264 1376 1305 inter
1396 1263 1585 1317 parietes
1607 1263 1807 1305 obvenire

257 1347 379 1387 posse
410 1332 554 1386 palam
587 1337 671 1383 est3
703 1333 768 1374 his
800 1347 971 1387 quoque
1002 1333 1105 1374 locis
1136 1333 1179 1373 in
1210 1331 1358 1373 multis
1390 1331 1609 1385 speciebus
1630 1330 1808 1384 (Dasya

258 1402 454 1451 coccinea,
502 1401 815 1454 Polgysipltom'is
847 1402 948 1456 etc.)
979 1416 1001 1441 a
1036 1401 1145 1442 facie
1191 1400 1429 1442 observatis
1474 1399 1639 1440 videbis
1684 1400 1807 1453 quasi

259 1469 434 1510 tubulos
466 1469 652 1509 minutos
685 1469 849 1510 conicos
881 1469 929 1523 (a
959 1469 1070 1510 facie
1103 1467 1419 1523 triangulares)
1449 1468 1564 1509 circa
1596 1466 1807 1520 genicula,

258 1538 371 1579 inter
416 1537 617 1590 siphones
653 1537 717 1578 ita
749 1537 991 1591 dispositos,
1024 1540 1072 1578 ut
1104 1537 1177 1590 qui
1209 1535 1392 1578 articulo
1423 1535 1807 1591 superioreperti-

259 1609 390 1647 neant
436 1605 631 1659 apicibus
678 1620 861 1656 sursum,
896 1606 968 1659 qui
1000 1605 1202 1647 inferiore
1233 1605 1428 1658 apicibus
1459 1604 1659 1645 deorsum
1690 1617 1807 1657 spec-

262 1676 371 1723 tant⁷
418 1688 570 1715 cuneos
610 1674 846 1715 referentes
877 1674 1067 1716 minutos
1097 1687 1279 1727 quorum
1311 1687 1389 1726 ope
1422 1672 1619 1726 siphones
1650 1671 1808 1713 distra-

262 1741 469 1783 herentur
513 1742 614 1795 (Ay.
656 1743 749 1784 Tab.
784 1742 1014 1784 XXXIII.
1034 1743 1109 1796 fiy.
1142 1746 1166 1783 1
1196 1755 1228 1793 e,
1279 1741 1373 1782 Tab.
1406 1740 1609 1782 XXXII.
1628 1740 1704 1794 fiy.
1735 1741 1809 1791 25;

262 1810 390 1852 Klete.
429 1810 556 1863 Phyc.
604 1811 694 1852 Ταῦ.
726 1814 779 1852 50
810 1811 845 1852 I.
877 1815 921 1862 3;
966 1811 1070 1863 Kny
1099 1810 1232 1851 Aoezssll.
1266 1810 1427 1862 Knosp.
1466 1809 1560 1850 Tab.
1591 1812 1622 1850 2
1639 1809 1715 1861 fiy.
1751 1810 1808 1864 7).

264 1878 530 1919 Sectionibus
562 1878 928 1921 transversalibus
958 1878 1199 1920 observatis
1216 1877 1292 1932 W),
1331 1877 1479 1919 eodem
1510 1876 1635 1918 modo
1668 1877 1810 1931 spatia

354 1993 388 2036 ²'')
414 1991 562 2035 Naegeli
601 1992 697 2025 dixit
734 1992 924 2034 (zeitschr.
955 1991 1030 2034 fur
1074 1991 1287 2026 Wissensch.
1330 1992 1414 2026 Bot.
1446 1991 1528 2026 III.
1556 2004 1594 2036 p.
1620 1994 1700 2033 64):
1739 1993 1809 2028 Die

262 2051 370 2084 Zelle
408 2049 507 2082 kann
546 2049 584 2082 ‘in
623 2049 723 2082 einer
758 2048 903 2082 (modern
939 2049 1037 2083 Zella
1074 2049 1166 2083 oder
1196 2050 1414 2084 ausserlmlb
1440 2050 1565 2084 Zellen
1591 2051 1808 2085 entstehen.

266 2106 350 2140 Fur
387 2106 444 2140 die
478 2106 632 2150 Pflmwe
655 2106 726 2151 qz'lt
751 2117 831 2140 mm
857 2107 924 2140 das
956 2106 1085 2141 Gesetz
1109 2107 1196 2141 dass
1219 2107 1292 2141 ‹cllc
1321 2108 1517 2151 veqetatzssoe
1542 2108 1703 2143 normale
1729 2107 1807 2141 Zel-

265 2163 478 2207 Ienbildungs
516 2174 590 2197 nur
627 2162 819 2196 iomerlwlb
858 2162 981 2196 Zellen
1005 2163 1223 2205 stattfindet.
1253 2184 1291 2187 fi
1324 2184 1359 2187 -
1393 2184 1427 2186 —
1455 2164 1563 2197 Bloss
1591 2164 1650 2197 die
1679 2166 1809 2197 ersten

264 2219 395 2253 Zellen
435 2220 502 2253 der
539 2220 657 2253 durch
685 2219 890 2253 Generatio
916 2219 1110 2262 aequivoca
1136 2220 1398 2253 enstehenden
1424 2220 1653 2253 Individuen
1678 2219 1808 2254 bilden

265 2276 345 2309 sich
383 2277 603 2310 ausserhalb
641 2277 923 2311 Mutterzellen.
974 2277 1165 2318 Quomodo
1203 2277 1359 2310 cellulas
1391 2288 1507 2311 novas
1535 2277 1637 2310 intra
1660 2279 1807 2311 meatus

264 2333 568 2367 intercellularcs
608 2333 698 2366 oriri
738 2336 953 2367 statuerant
985 2334 1186 2367 Euvmcnsu
1214 2337 1252 2367 et
1280 2333 1412 2373 UNGER,
1440 2344 1482 2367 eo
1508 2333 1665 2367 cellulas
1694 2346 1809 2369 novas

263 2391 439 2436 generari
465 2402 577 2435 posse
604 2390 761 2425 directis
790 2391 915 2425 verbis
944 2403 1090 2435 quoque
1118 2392 1273 2436 negavit
1301 2391 1459 2435 (Noeyeli
1483 2390 1504 2424 l.
1524 2401 1604 2437 (hp.
1623 2393 1696 2435 65).
1737 2392 1809 2427 De-

265 2461 365 2482 mum
404 2459 550 2491 quoque
588 2452 633 2481 de
671 2447 819 2492 origine
858 2449 1083 2482 cellularum
1114 2449 1350 2484 corticalium
1375 2449 1655 2495 Polysiphoniae
1683 2450 1811 2485 docuit

265 2504 323 2538 his
351 2503 498 2538 verbis:
528 2503 596 2537 Die
624 2504 725 2537 Ecke
752 2503 859 2537 einer
885 2503 1071 2538 tertiaren
1097 2505 1202 2538 Zelle
1228 2505 1372 2539 wachst
1390 2508 1505 2539 etwas
1526 2517 1601 2543 aus,
1620 2507 1697 2541 und
1715 2507 1809 2541 wird

265 2561 385 2594 durch
416 2560 712 2604 Zellenbildung
737 2572 780 2593 zu
807 2560 913 2593 einer
939 2561 1156 2595 besondern
1182 2561 1288 2595 Zelle
1315 2561 1354 2604 (l.
1381 2572 1410 2596 c.
1430 2573 1471 2606 p.
1497 2563 1596 2605 219).
1646 2563 1700 2597 De
1726 2562 1809 2606 ipso

265 2616 498 2651 formationis
524 2617 781 2651 mechanismo
807 2617 888 2651 haec
907 2618 1036 2651 ultima
1065 2619 1181 2652 verba
1198 2618 1323 2652 forsan
1351 2618 1624 2662 quodammodo
1650 2619 1809 2653 obscura

265 2674 484 2717 adpareant.
534 2677 674 2710 ‹sontra
710 2676 791 2710 haec
829 2675 953 2709 omnia
991 2674 1134 2709 dixisse
1161 2676 1287 2720 placet
1313 2687 1371 2709 nie
1397 2675 1546 2709 iteratis
1573 2675 1806 2709 observatio-

266 2730 376 2765 nibus
403 2732 449 2765 ad
475 2744 518 2766 ea
543 2732 777 2776 pervenisse,
803 2743 886 2775 quae
914 2744 1026 2775 supra
1052 2744 1241 2776 exponere
1267 2736 1423 2767 conatus
1450 2744 1544 2767 sum.

357 2799 389 2843 Ψ)
417 2799 452 2832 Si
491 2799 643 2842 oblique
683 2803 832 2834 secatur
863 2799 1045 2833 articulus
1074 2800 1223 2844 quidam
1250 2800 1416 2843 brevior,
1442 2799 1497 2833 ita
1523 2802 1564 2832 ut
1589 2810 1662 2833 uno
1688 2799 1808 2834 latere

268 2857 429 2890 medium
457 2858 619 2898 articuli,
646 2859 766 2891 altero
795 2868 880 2901 pars
907 2857 1084 2900 geniculo
1112 2858 1234 2891 vicina
1261 2857 1298 2890 in
1323 2858 1519 2900 segmento
1537 2854 1807 2899 conspiciatur,

268 2912 384 2944 latera
414 2926 559 2956 quoquc
588 2915 774 2948 divom-sam
803 2914 963 2947 offerant
983 2918 1225 2947 strn‹·t111·am.
1268 2911 1808 2956 Quumejusmodisegim·11to
