1937 3315
252 202 329 242 1413

247 314 290 354 in
323 312 399 353 Gr.
432 308 636 360 spleoeriea
668 304 825 359 (Thur.
858 302 882 343 l.
914 314 945 341 e.
969 299 1032 351 pl.
1055 300 1111 345 5).
1172 294 1263 337 Hoc
1298 293 1388 334 loco
1427 306 1452 333 a
1482 289 1686 332 Thuretio
1719 287 1791 328 de-

249 380 500 434 pinguntur,
534 374 604 415 filo
636 372 742 414 axili
775 368 976 418 evidenti,
1009 364 1205 406 articulis
1229 359 1441 413 elongatis
1464 357 1707 407 articulato,
1730 356 1792 396 in-

251 450 429 495 structa,
475 442 693 485 fasciculis
731 436 1023 484 subdiscoetis,
1058 431 1294 475 verticillos
1325 431 1452 470 extra
1483 424 1679 479 genicula
1710 424 1794 465 for—

250 512 481 559 mantibus,
516 510 765 552 constituta.
818 506 865 547 In
899 504 1108 545 Bornetsza
1140 496 1401 541 consimilem
1423 508 1547 535 axem
1570 492 1668 542 vidi,
1691 491 1796 533 arti-

252 581 360 622 culis
392 574 499 621 5—(3
533 577 831 625 constitutum,
864 570 1071 614 articulos
1094 571 1237 610 autem
1261 564 1495 612 breviores3
1528 563 1652 601 extra
1674 572 1796 599 axem

253 648 375 701 quasi
409 650 595 688 stratum
627 644 818 686 exterius
851 640 1021 681 filorum
1053 636 1313 683 breviorum,
1345 632 1434 673 fere
1457 627 1723 671 verticaliter
1745 626 1798 666 ab

254 717 325 758 axi
356 713 628 762 exeuntium3
662 711 751 751 haec
782 721 951 750 ramosa
983 704 1069 746 vidi
1092 701 1291 744 articulis
1314 697 1516 740 brevibus
1538 693 1798 739 rotundatis,

254 782 533 826 interioribus
580 778 874 822 crassioribus,
922 772 1211 816 exterioribus
1251 766 1517 809 tenuioribus
1551 763 1800 805 constituta.

258 851 474 894 Articulos
512 849 686 889 ultimos
722 846 829 886 alios
860 843 1080 895 oblongos,
1113 839 1219 880 alios
1251 836 1456 883 clavatos,
1489 832 1596 873 alios
1628 831 1671 870 in
1703 842 1803 869 acu-

258 935 354 962 men
387 918 630 972 productos,
665 928 770 967 quos
802 911 1051 953 membrana
1075 919 1210 947 vacua
1232 900 1503 944 antherozois
1526 898 1689 940 emissis
1706 912 1803 938 con-

259 992 425 1030 stantes
471 986 616 1026 forsan
647 980 853 1034 suspicari
892 978 1011 1026 licet3
1044 975 1087 1015 in
1118 970 1336 1013 nonnullis
1368 967 1577 1015 articulis,
1610 965 1806 1018 adposito

261 1058 356 1099 Chl.
394 1056 437 1096 Z.
477 1053 615 1100 Jodi0,
666 1051 779 1091 intra
828 1046 1123 1088 membranam
1168 1039 1463 1081 tenuissimam
1509 1032 1805 1087 corpusculum

262 1127 475 1167 lutescens
515 1122 659 1163 videre
692 1117 867 1160 credidi.
930 1114 1068 1166 Magis
1096 1109 1276 1165 juvenili
1309 1110 1426 1148 statu
1458 1108 1597 1146 totum
1620 1101 1807 1143 antheri-

264 1194 382 1234 dium
414 1194 552 1231 strato
575 1187 790 1241 gelatina·²
814 1183 1037 1224 dimidium
1061 1180 1318 1220 diametrum
1343 1171 1573 1214 antheridii
1597 1172 1808 1222 aequante,

266 1262 455 1302 cinctum
487 1257 585 1297 vidi.
620 1253 732 1308 quod
765 1257 911 1293 tamen
947 1250 1014 1289 vix
1051 1246 1130 1288 nisi
1165 1245 1305 1286 colore
1328 1237 1695 1291 antheridiijodio
1717 1251 1809 1277 mu-

266 1332 359 1368 tato
407 1325 676 1376 distinguere
721 1320 856 1361 licuit.
919 1318 953 1358 A
995 1318 1218 1356 structura
1256 1307 1491 1351 antheridii
1519 1305 1737 1359 juvenilis,
1770 1308 1812 1344 et

268 1393 550 1449 congruentia
581 1387 926 1432 endochromatis
958 1386 1001 1425 in
1034 1398 1116 1424 non
1139 1380 1431 1421 transnmtato
1454 1374 1639 1416 articulo
1661 1371 1814 1421 basah,

269 1462 521 1506 concludere
553 1459 705 1500 vollem
738 1460 873 1497 totuin
908 1450 1200 1494 antheridium
1233 1446 1474 1488 evolutione
1504 1442 1710 1483 interiore
1747 1454 1815 1480 ra-

270 1532 389 1582 muli,
422 1529 493 1583 qui
528 1529 570 1568 in
604 1526 677 1567 fila
700 1522 936 1565 antlieridii
969 1519 1354 1572 transmlitaretur,
1387 1516 1529 1554 ortum
1552 1510 1694 1556 fuisse,
1728 1507 1816 1548 fere

272 1599 419 1640 codem
467 1595 591 1636 modo
640 1607 724 1645 quo
762 1591 930 1631 fructus
962 1587 1356 1641 spliaerosporarum
1388 1578 1618 1621 admodum
1651 1590 1817 1629 compo-

273 1668 381 1709 situs
428 1665 654 1707 Pandorese
700 1662 818 1701 intra
866 1659 1033 1699 unicani
1081 1653 1280 1696 cellulam
1318 1648 1588 1691 fructiferam
1628 1645 1820 1686 nascitur

274 1735 469 1784 interior,
508 1733 767 1782 demumque
805 1727 996 1769 exterior
1028 1725 1198 1778 prostat
1229 1718 1382 1760 solutis
1414 1714 1675 1757 membranis
1707 1712 1821 1754 cohi-

278 1803 492 1845 bentibus.
554 1800 602 1840 In
649 1796 894 1839 antheridio
940 1797 1109 1835 maturo
1156 1789 1372 1831 Bornetw'm
1411 1785 1603 1839 gelatina
1634 1781 1822 1823 exterior

278 1872 347 1912 vix
394 1868 696 1922 conspiciatur.
759 1863 952 1906 Sectione
999 1857 1276 1902 transversali
1324 1852 1557 1895 antheridii
1605 1854 1648 1891 et
1692 1848 1823 1890 series

279 1939 406 1981 axilis
438 1935 691 1978 cellularum
724 1936 766 1973 et
798 1931 871 1972 fila.
902 1928 1174 1983 peripherica
1205 1923 1375 1965 facilius
1407 1920 1745 1972 distinguantur.

395 2006 444 2046 In
492 2004 620 2044 certis
666 2000 813 2042 formis
845 1993 1265 2039 Callitliamnioideis
1297 2016 1347 2020 ——
1380 1990 1423 2030 in
1454 1985 1824 2040 Spe}motlmnmfzvio,

281 2075 537 2117 observante
584 2067 912 2121 l‘ringshciinio7
958 2066 999 2105 in
1040 2061 1369 2113 Hmyiothcmnmv
1400 2072 1480 2098 sec.
1512 2053 1691 2107 Naegeli‚
1725 2051 1824 2105 quin

283 2143 411 2183 otiam
446 2140 489 2179 in
522 2137 726 2189 Lnjolisia
760 2134 841 2174 fide
865 2131 1057 2173 Bornetii
1077 2155 1126 2158 —
1150 2126 1399 2169 antheridia
1422 2123 1709 2170 inveniantur,
1734 2133 1827 2171 quae

285 2210 402 2251 vario
436 2209 631 2259 respectu
654 2203 708 2243 ab
731 2202 795 2246 iis„
819 2214 912 2253 quae
945 2199 987 2238 in
1019 2197 1116 2238 aliis
1150 2194 1359 2245 Florideis
1391 2191 1636 2233 obveniunt.
1661 2189 1830 2229 diversa

286 2278 391 2319 milii
424 2275 734 2328 adparuerunt.
796 2270 843 2310 In
877 2264 1215 2320 Herpothamnio
1247 2265 1290 2303 et
1325 2259 1524 2312 Lejolisia
1556 2256 1829 2311 provenirent

288 2347 329 2387 in
378 2343 526 2385 iisdem
573 2338 818 2381 individuis.
867 2349 962 2387 quae
1003 2331 1273 2387 cystocarpia
1305 2331 1526 2382 generant.
1586 2325 1621 2365 A
1654 2324 1830 2375 Priugs-

289 2413 443 2455 lieimio
481 2408 669 2463 (Momm,
701 2408 774 2447 dm·
808 2405 939 2446 Mem:
972 2402 1067 2454 Aly.
1099 2401 1177 2441 tal».
1221 2398 1384 2450 1'Lfi9.
1417 2395 1549 2446 3⁴01)
1595 2393 1832 2446 pinguntur

289 2480 455 2522 cellulis
502 2475 731 2518 admodum
777 2471 994 2513 distinctis
1032 2466 1263 2515 evacuatis,
1295 2468 1338 2505 et
1368 2460 1639 2504 antherozois
1670 2457 1833 2498 emissis

294 2552 428 2591 forma
459 2546 668 2587 tribuitur
700 2540 894 2583 vesicula:
929 2537 1125 2592 hyalinao5
1160 2548 1289 2587 quain
1320 2531 1517 2573 omnibus
1535 2526 1831 2569 Floridearum

292 2615 563 2659 antlierozois
596 2623 859 2653 communem
892 2607 1061 2648 statuit.
1124 2604 1284 2645 Horum
1316 2601 1433 2641 intra
1464 2596 1662 2639 cellulam
1684 2605 1833 2645 quain-

294 2700 374 2739 que
406 2684 578 2725 unicum
612 2678 811 2733 generari
844 2675 1146 2722 anthemwon,
1170 2668 1430 2721 singulaque
1453 2665 1591 2706 emitti
1613 2675 1688 2715 per
1710 2672 1833 2712 aper-

296 2758 439 2793 turam
470 2752 513 2792 in
545 2750 681 2790 latere
715 2744 877 2787 cellulae
910 2742 1181 2794 conspicuam
1214 2736 1372 2778 (locuit.
1418 2733 1483 2774 Ex
1515 2732 1628 2771 (licto
1661 2727 1834 2779 l‘rings-

296 2819 438 2859 liciniii
479 2817 567 2857 liaec
598 2812 844 2855 antheridia
876 2824 949 2850 sua
984 2809 1122 2848 forma
1153 2805 1366 2846 referrent
1398 2797 1641 2841 antheridia
1673 2795 1834 2848 Polysi-

299 2886 474 2939 plionize,
511 2884 659 2936 Dasyac
692 2886 734 2923 ct
764 2876 1038 2929 WVrangeliw,
1086 2874 1255 2914 defectu
1301 2873 1444 2912 antem
1492 2866 1584 2906 axis
1622 2863 1837 2905 centralis.
