1937 3315
261 201 317 241 82

261 313 419 353 mirum
465 311 509 351 in
554 307 775 358 Geramiis,
821 308 856 349 si
902 321 1073 362 quoque
1103 309 1226 351 initio
1258 310 1476 364 paulisper
1507 310 1677 362 diversi,
1709 325 1807 353 mox

262 378 468 420 simillimi
507 376 710 419 evadunt.
773 376 1089 418 Dichotomiam
1119 378 1256 430 igitur
1286 383 1391 433 puto
1422 380 1571 434 perfici
1601 381 1808 423 divisione

262 447 426 488 cellulae
471 444 713 487 terminalis
757 444 822 486 ita
859 445 1004 496 ducta,
1043 448 1092 486 ut
1123 447 1303 499 singulae
1335 452 1482 502 partes
1513 463 1630 491 novae
1660 450 1704 491 in
1736 464 1808 491 no-

261 529 356 556 vam
389 517 431 555 et
461 528 487 555 a
522 517 755 567 systemate
801 517 1010 555 maternae
1057 513 1221 556 cellulae
1268 516 1482 558 diversam
1527 517 1809 560 directionem

261 581 530 623 evolvantur.

375 649 414 690 b.
475 649 541 691 De
571 650 733 691 cellulis
763 650 1067 703 ramz'ficationc
1088 652 1205 692 ortis.
1256 650 1639 695 Observationibus
1660 652 1809 694 Mohlii

263 720 431 757 constat
462 717 668 758 articulos
699 717 923 758 inferiores
954 718 997 759 in
1019 718 1225 772 Conferva
1241 720 1487 772 gslomerata,
1510 724 1558 761 ut
1577 720 1811 775 diaphrag-

262 788 377 826 mate
409 784 596 825 formato
628 785 683 825 ab
715 784 899 826 articulo
932 785 1153 826 terminali
1185 787 1375 840 separati
1398 787 1572 839 fuerint,
1596 803 1679 829 non
1701 788 1810 829 ulte-

262 854 352 894 rius
383 853 621 894 increscere
653 853 888 895 directione
922 853 1227 907 longitudinali
1259 856 1365 905 axis,
1398 856 1519 909 cujus
1545 861 1692 910 partes
1714 870 1811 899 con-

262 922 461 963 stituant.
524 921 568 962 Si
599 921 773 963 extendi
805 921 1079 973 inchoantur,
1112 923 1190 964 hoc
1223 923 1272 964 fit
1303 938 1412 965 nova
1444 924 1694 977 directione,
1717 939 1812 979 quae

262 991 318 1031 sit
347 1004 466 1032 novae
497 991 613 1043 parti
645 991 833 1044 propria.
879 990 948 1031 Ita
980 991 1220 1032 increscens
1252 991 1421 1042 cellula,
1455 993 1658 1047 quaejam
1681 997 1813 1035 antea

262 1072 382 1100 suam
427 1058 648 1112 propriam
696 1058 891 1109 somnam,
939 1059 1146 1112 cujusque
1177 1059 1429 1102 membrana
1459 1074 1579 1102 suam
1611 1061 1811 1103 substan-

262 1127 368 1168 tiam
399 1120 750 1180 firmiorem'jam
782 1130 981 1168 assecuta
1012 1131 1088 1175 est„
1122 1132 1237 1169 certo
1269 1128 1455 1181 quodam
1482 1128 1572 1171 loco
1594 1134 1640 1170 at
1660 1130 1703 1171 in
1725 1130 1811 1171 sin-

263 1195 374 1248 gulis
406 1194 628 1248 speciebus
661 1194 1010 1248 quandoquidem
1042 1195 1265 1248 paulisper
1298 1196 1467 1237 diverso
1500 1198 1623 1250 quasi
1654 1198 1811 1239 iterum

262 1262 496 1312 reviviscit3
530 1262 782 1303 membrana
815 1262 893 1302 hoc
926 1262 1017 1303 loco
1050 1262 1269 1304 emollitur
1290 1267 1332 1304 et
1354 1278 1464 1305 nova
1486 1264 1689 1307 inchoata
1706 1266 1811 1307 assi-

262 1330 485 1372 milatione
524 1330 790 1379 extenditur,
823 1330 924 1371 dum
956 1330 1052 1372 aliae
1084 1335 1230 1385 partes
1262 1332 1441 1385 parietis
1472 1347 1556 1374 11011
1587 1334 1812 1386 conspicue

263 1401 490 1438 mutantur
506 1398 562 1450 ⁴²⁵);
594 1411 670 1438 1100
701 1397 785 1438 alio
817 1401 1017 1451 respectu
1047 1398 1170 1451 (situ,
1196 1398 1336 1440 forma
1357 1402 1434 1440 aut
1456 1399 1811 1453 dimensionibus)

262 1468 459 1506 mutatur
490 1468 607 1505 totus
638 1464 850 1505 articulus
881 1468 1118 1506 maternus.
1178 1465 1509 1518 Increlnentum,
1542 1468 1656 1520 quod
1688 1469 1812 1522 quasi

261 1547 369 1574 novo
414 1536 514 1573 actu
565 1532 662 1572 vitae
709 1532 937 1573 inchoatur
969 1536 1012 1573 et
1044 1547 1153 1574 nova
1184 1533 1421 1575 directione
1452 1536 1714 1587 extenditur,
1747 1537 1812 1578 his

260 1601 366 1655 ipsis
413 1614 566 1641 novam
610 1604 781 1652 partem
826 1599 1017 1647 formari,
1066 1600 1247 1652 indicat3
1292 1601 1395 1643 dum
1426 1603 1583 1644 cellula
1613 1608 1812 1646 materna

352 1774 386 1819 ⁹⁴⁶)
413 1774 563 1818 Naegeli
590 1775 727 1808 statuit
751 1774 848 1808 hanc
875 1773 1187 1809 ramificationem
1214 1775 1363 1810 cellulae
1391 1775 1473 1810 fieri
1491 1777 1713 1812 incremento
1729 1778 1810 1822 api-

261 1831 337 1865 calz'
361 1832 447 1875 quia
474 1832 583 1865 unico
609 1832 771 1874 quodam
799 1834 904 1865 certo
931 1835 969 1865 et
995 1831 1286 1876 circumscripto
1306 1833 1388 1866 loco
1408 1833 1641 1867 incresceret
1660 1835 1809 1868 cellula.

263 1888 375 1921 Certe
412 1892 537 1922 tamen
570 1900 639 1922 1100
672 1890 767 1923 bene
795 1888 1034 1922 consociatur
1061 1899 1196 1921 nomen
1223 1898 1305 1921 cum
1332 1892 1440 1932 parte
1468 1901 1618 1934 semper
1643 1891 1812 1933 laterah'7·

262 1957 331 1979 nec
359 1946 541 1984 definitio,
569 1947 599 1980 si
627 1946 780 1991 plurimi
808 1946 958 1989 quidem
988 1948 1077 1979 sunt
1102 1945 1327 1979 cellularum
1355 1946 1450 1979 rami
1476 1946 1539 1991 qui
1566 1948 1695 1982 eodem
1716 1951 1809 1982 tem-

261 2013 353 2046 pore
379 2003 522 2047 gemini
549 2007 758 2037 nascuntur
785 2002 962 2046 oppositi,
989 2005 1053 2035 aut
1079 2001 1142 2045 qui
1170 2012 1216 2034 ex
1242 2003 1374 2036 eodem
1401 2005 1557 2048 regione
1575 2008 1812 2049 generantur

261 2060 403 2102 plures.
452 2060 577 2104 Ipsum
616 2061 766 2093 modum
805 2059 1032 2093 incrementi
1064 2059 1123 2092 his
1151 2059 1278 2092 verbis
1305 2059 1511 2104 descripsit
1537 2061 1704 2107 Naegeli:
1734 2062 1810 2096 ’'An

261 2115 399 2160 irgend
425 2116 550 2149 einem
577 2116 699 2150 Punct
725 2117 793 2150 der
819 2115 1183 2157 Zellenolffirflache,
1210 2115 1257 2148 da
1282 2128 1338 2150 wo
1365 2116 1445 2150 sich
1471 2118 1539 2151 der
1564 2119 1636 2152 Ast
1661 2119 1808 2153 bilden—

263 2172 346 2208 soll.
385 2173 560 2207 entstelit
597 2172 681 2206 eine
720 2173 846 2206 klvinc
874 2172 1034 2207 Scheibe
1059 2173 1298 2218 homogenen
1326 2174 1533 2207 Schleimes
1561 2174 1810 2209 unmittelbar

263 2231 374 2262 unter
412 2229 480 2262 der
518 2229 733 2264 Membran:
773 2229 833 2263 die
873 2229 1192 2263 Schleimschicht
1219 2233 1376 2274 erzeugt
1403 2230 1487 2264 hier
1517 2231 1601 2264 eine
1629 2231 1808 2266 bestimte

262 2286 400 2330 Menge
427 2299 549 2321 neuen
577 2287 798 2321 Schleimes.
838 2287 981 2321 Darauf
1002 2288 1137 2321 erbebt
1164 2287 1246 2320 sich⁴
1271 2286 1332 2321 die
1357 2287 1551 2321 Zellwand
1578 2288 1616 2321 in
1636 2288 1697 2322 ein
1714 2289 1809 2322 klei-

262 2354 328 2377 nes
368 2342 606 2388 dreieckiges
645 2344 736 2377 oder
774 2344 862 2377 halb
901 2343 1123 2388 kugeliches
1161 2343 1253 2377 oder
1278 2343 1574 2388 kegelfOrmiges
1602 2343 1809 2379 Warzchen

262 2401 329 2434 das
356 2400 426 2434 mit
450 2400 699 2445 homogenem
729 2401 916 2434 Schleime
943 2400 1084 2445 gesullt
1108 2400 1171 2434 ist.
1222 2400 1296 2433 Das
1326 2400 1533 2434 Warzchen
1560 2401 1704 2435 wachst
1721 2402 1808 2436 wei-

263 2462 334 2490 ter.
377 2457 453 2491 Der
481 2457 643 2491 Schleim
672 2458 764 2491 wird
793 2470 837 2491 an
865 2458 933 2491 der
959 2458 1065 2491 Basis
1091 2457 1262 2501 kornig.’'
1300 2458 1454 2491 Discum
1481 2458 1588 2493 illum
1615 2459 1808 2503 gelatinae,

264 2526 283 2548 a
309 2525 382 2558 (1110
418 2515 607 2558 penderet
644 2515 937 2555 incrementum,
976 2527 1050 2549 non
1088 2515 1183 2549 vidi:
1223 2515 1305 2560 ipso
1331 2516 1413 2550 1000
1439 2516 1667 2551 incrementi
1693 2515 1807 2550 endo-

262 2571 415 2605 chroma
441 2571 595 2605 densius
623 2576 687 2606 aut
714 2573 849 2606 saltem
876 2573 1028 2606 uberius
1056 2573 1263 2607 coloratum
1292 2573 1430 2617 saepius
1457 2574 1578 2617 adest,
1598 2573 1697 2617 quod
1714 2572 1807 2606 mihi

263 2628 468 2672 gelatinam
507 2629 696 2673 hyalinam
736 2630 975 2673 distinguere
1014 2630 1148 2664 vetuit.
1186 2650 1227 2654 —-
1266 2630 1324 2663 Ex
1361 2629 1511 2664 theoria
1546 2629 1806 2675 generationis

263 2686 493 2720 membranae
537 2687 812 2720 incrementum
850 2687 959 2720 modo
997 2687 1113 2720 allato
1150 2686 1232 2721 fieri
1270 2687 1397 2721 forsan
1434 2687 1659 2721 concludere
1696 2686 1805 2729 licet3

263 2743 492 2776 mutationes
520 2747 643 2777 autem
672 2745 900 2778 membranae
927 2755 1018 2787 quas
1046 2745 1113 2777 sub
1140 2744 1229 2778 vitae
1256 2744 1391 2777 stadiis
1418 2744 1581 2778 offerunt
1606 2742 1805 2778 Conserva—

263 2809 343 2831 rnm
371 2799 531 2837 001111110,
559 2801 603 2833 de
631 2801 765 2844 quibus
795 2811 907 2844 supra
931 2800 1164 2835 mentionem
1192 2801 1275 2842 feci,
1301 2801 1393 2834 mihi
1420 2799 1601 2844 ejusmodi
1626 2799 1806 2834 videntur

265 2858 301 2886 ut
331 2855 430 2889 haud
457 2857 534 2889 scio
560 2868 605 2890 an
632 2869 715 2890 cum
742 2856 889 2890 theoria
914 2857 960 2890 (10
986 2858 1210 2890 formatione
1237 2858 1463 2891 membrana²
1491 2857 1682 2890 celebrata
1709 2858 1804 2891 110110

265 2922 473 2954 congruere
501 2913 713 2947 videantur.
