1937 3315
254 171 329 212 1524

251 290 342 324 tum
374 281 576 323 corticale
608 280 651 322 in
682 280 835 322 fronde
867 280 1082 321 adultiore
1113 281 1393 321 constituitur
1424 282 1525 334 (Agl.
1550 283 1576 323 l.
1598 284 1715 336 (nfigs.
1738 287 1793 334 4),

251 364 326 391 nec
359 350 584 402 conspicue
615 352 860 399 mutantur3
903 348 1151 389 intermedii
1183 352 1327 389 autem
1359 363 1576 390 ramorum
1608 350 1793 400 articuli,

251 418 403 458 sensim
437 417 575 467 magis
607 416 758 465 infiati,
791 416 902 457 fiunt
934 416 1369 469 rotundato-oblongi
1401 417 1503 469 (Ay.
1535 417 1562 456 Ι.
1594 431 1624 456 c.
1645 418 1722 469 fiy.
1745 418 1794 471 3)

248 484 504 536 demumque
536 484 580 524 111
612 483 790 524 cellulas
822 483 1085 535 adparenter
1107 483 1379 524 inordinat-as
1401 483 1794 535 rotundato-angu-

247 552 360 592 latas
392 552 521 591 strati
552 551 799 592 intermedii
830 554 1057 591 mutantur
1089 551 1186 603 (Ay.
1219 552 1245 591 l.
1277 567 1306 590 c.
1330 552 1406 604 fis).
1438 555 1493 593 4).
1540 551 1704 591 Praeter
1725 564 1795 590 ra-

247 632 336 659 mos
382 619 622 669 interiores,
661 619 785 660 modo
817 618 933 659 (licto
966 618 1010 658 111
1041 619 1239 672 partibus
1271 618 1561 659 adultioribus
1593 622 1795 668 mutatos⁷

245 686 331 726 vidi
363 686 436 727 fila
467 687 596 740 paulo
628 687 824 728 tenuiora
856 687 959 739 (Ag).
991 687 1017 727 l.
1049 700 1081 726 c.
1101 687 1178 739 figs.
1209 693 1254 736 3)
1303 701 1423 727 secus
1456 687 1607 727 tubum
1640 685 1796 726 axilem

246 752 560 803 descendentia,
608 758 650 795 et
696 754 740 794 ni
785 753 913 794 fallor
953 754 1008 794 ab
1040 753 1126 793 ima
1158 753 1249 793 basi
1281 767 1500 794 ramorum
1532 752 1795 794 adscenden-

245 821 353 861 tium
384 824 499 871 orta3
533 820 621 861 haec
654 820 864 874 simplicia
895 820 1000 861 mihi
1028 820 1339 873 adparuerunt,
1362 821 1477 862 intra
1499 820 1795 861 membranam

246 887 577 929 crassiusculam
622 888 910 936 endochroma
956 901 1067 928 nunc
1105 887 1277 939 longius
1309 888 1574 940 contiguum,
1608 902 1718 929 nunc
1749 888 1793 928 in

246 959 390 1009 partes
423 956 667 997 evidentius
699 956 914 1009 dilapsum
946 955 1154 1005 foventia3
1188 955 1276 996 11εο0
1308 970 1404 996 cum
1436 955 1518 996 filis
1551 955 1793 1009 hyphaefor-

245 1022 385 1064 mibus
424 1022 685 1077 Nizymeniae
723 1026 766 1064 et
799 1022 1081 1064 Stenocladiae
1113 1022 1299 1075 analoga
1330 1022 1504 1063 credidi.
1567 1022 1617 1063 In
1645 1022 1794 1064 fronde

245 1091 461 1132 adultiore
492 1090 612 1131 filum
644 1090 757 1132 axile
789 1091 980 1143 cingitur
1012 1093 1150 1131 strato
1182 1090 1323 1131 valido
1356 1090 1526 1131 filorum
1558 1089 1794 1143 longitudi-

245 1157 409 1199 nalium
441 1157 543 1210 (Ay.
576 1158 603 1198 l.
634 1171 666 1197 (κ
687 1158 765 1211 fic).
797 1161 853 1209 4),
901 1157 1015 1209 quod
1062 1157 1275 1209 praecipue
1314 1157 1397 1197 tilis
1437 1157 1794 1198 descendentibus

245 1225 528 1266 constitutum
575 1225 738 1277 putavi,
786 1225 992 1265 immixtis
1028 1225 1228 1277 partibus
1260 1225 1537 1266 inferioribus
1569 1229 1645 1266 aut
1675 1226 1792 1278 frag-

245 1294 400 1334 mentis
430 1307 648 1334 ramorum
682 1293 1050 1334 adscendentium.
1102 1292 1331 1333 Difficilius
1353 1297 1499 1334 autem
1520 1294 1564 1334 in
1586 1293 1792 1334 l'hacelo-

246 1375 374 1414 carpo
407 1361 719 1414 dignoscantur
751 1361 837 1412 fila,
870 1375 964 1414 quae
996 1375 1021 1402 a
1053 1362 1233 1402 diversis
1264 1361 1488 1402 elementis
1511 1362 1694 1402 oriunda
1716 1375 1794 1414 pu-

246 1431 348 1480 tavi⁷
381 1434 424 1471 et
456 1434 642 1483 utraque
673 1431 811 1483 magis
844 1431 981 1470 mixta
1011 1429 1118 1469 mihi
1151 1429 1428 1475 obvenerunt,
1462 1430 1574 1470 unde
1596 1429 1794 1471 tenuiora

245 1497 371 1539 facile
404 1498 669 1539 haberentur
692 1502 768 1539 aut
786 1498 974 1550 juniora,
999 1501 1076 1539 aut
1099 1499 1230 1539 ramis
1253 1498 1520 1539 adultiorum
1543 1499 1792 1540 constituta.

247 1564 354 1605 Mihi
392 1565 521 1607 aliter
547 1566 764 1619 judicanti
796 1565 998 1618 analogia
1031 1580 1124 1605 cum
1158 1565 1255 1606 aliis
1287 1566 1527 1606 Generibus
1560 1581 1689 1619 supra
1721 1567 1793 1608 sle-

245 1633 416 1686 scriptis
449 1647 618 1686 quoque
650 1632 936 1674 consultanda
966 1632 1183 1685 adparuit.
1237 1632 1280 1673 Si
1313 1646 1411 1673 vero
1443 1633 1506 1673 his
1539 1633 1794 1675 ducentibus

245 1699 430 1753 duplicis
462 1701 631 1751 generis
663 1700 875 1741 elementa
906 1700 949 1739 in
983 1703 1121 1740 strato
1154 1700 1357 1740 interiore
1386 1700 1694 1754 th'tcelocarpi
1718 1716 1793 1755 ag-

246 1782 419 1810 noscere
451 1768 586 1818 (lecet‚
619 1768 830 1821 quteritur
862 1781 971 1808 anne
1003 1781 1174 1819 quoque
1206 1768 1248 1808 in
1280 1767 1377 1808 aliis
1401 1766 1654 1816 Generibus,
1687 1784 1792 1821 quo—

246 1850 342 1877 rum
380 1836 519 1877 adhuc
550 1836 737 1876 minores
769 1836 856 1875 sint
887 1834 1157 1885 differentiae,
1190 1834 1402 1875 elementa
1434 1835 1591 1875 diversi
1624 1837 1792 1888 generis

246 1903 594 1955 ‹cluandoquidem
627 1902 984 1942 commisceantur
1015 1902 1058 1942 in
1089 1902 1239 1941 stratis
1272 1904 1494 1942 structura
1526 1902 1791 1955 analogis²²²).

359 1970 479 2011 Inter
516 1984 588 2011 eas
626 1969 862 2019 Florideas,
895 1983 988 2021 quae
1019 1968 1219 2022 pluribus
1252 1969 1403 2010 stratis
1437 1970 1562 2021 quasi
1595 1970 1791 2011 simulta-

246 2038 336 2079 neis
367 2038 703 2087 constituuntur,
738 2036 1214 2078 llelminthocladiaceae
1236 2037 1426 2089 insignes
1449 2041 1549 2078 sunt
1571 2038 1623 2078 ob
1647 2038 1791 2079 laxam

247 2109 289 2147 et
320 2106 444 2159 quasi
476 2105 661 2146 solutam
693 2105 943 2157 gelatinam,
976 2119 1062 2156 qua
1093 2108 1240 2157 partes
1272 2119 1420 2145 omnes
1453 2105 1790 2146 circumdantur.

335 2242 368 2286 ²³³)
396 2242 583 2286 Equidem
609 2242 647 2275 in
679 2242 851 2285 pluribus
884 2241 1084 2281 Florideis,
1112 2253 1194 2285 quae
1222 2242 1306 2275 aliis
1336 2242 1433 2285 typis
1462 2245 1643 2275 caeterum
1671 2242 1787 2285 perti-

247 2301 375 2342 neant,
398 2310 553 2342 quarum
575 2311 662 2332 vero
684 2302 803 2332 strata
823 2299 1005 2332 interiora
1025 2298 1098 2332 filis
1120 2298 1419 2332 constituuntur.
1441 2299 1629 2331 elementa
1648 2298 1789 2332 diversi

246 2355 398 2399 generis
438 2366 584 2398 quoque
623 2365 830 2399 agnoscere
868 2355 1018 2398 putavig
1057 2354 1111 2387 ita
1143 2354 1180 2386 in
1214 2355 1420 2398 Polyeoelsa
1447 2355 1534 2398 (Ay.
1564 2355 1635 2388 tab.
1664 2354 1787 2388 XIII.

236 2411 304 2454 fiy.
330 2414 366 2454 8)
395 2410 459 2443 fila
477 2412 647 2454 quaedam
674 2410 899 2444 tenuissima
925 2411 969 2444 ab
996 2410 1242 2445 interioribus
1271 2410 1444 2443 articulis
1466 2411 1577 2444 strati
1597 2411 1787 2444 corticalis

246 2467 435 2509 exeuntia,
454 2478 554 2500 nunc
572 2479 684 2500 eursu
703 2469 853 2500 arcuato
873 2467 1081 2500 introrsum
1100 2466 1208 2507 flexa,
1224 2478 1322 2499 110110
1343 2467 1461 2510 magis
1482 2467 1691 2500 directione
1708 2470 1788 2499 tan-

245 2523 372 2567 gentis
405 2523 504 2557 infra
530 2524 769 2567 superficiem
797 2534 963 2567 expansa
989 2523 1084 2564 vidi;
1124 2523 1262 2566 saepius
1290 2523 1398 2565 plura
1423 2523 1526 2555 intra
1552 2524 1787 2556 membranas

247 2580 366 2613 laxius
404 2581 638 2625 gelatinosas
677 2581 899 2614 cellularum
936 2579 1156 2613 intimarum
1194 2580 1423 2617 introducta,
1462 2580 1564 2612 intra
1588 2580 1653 2612 has
1681 2579 1787 2621 quasi

246 2639 364 2673 libere
392 2639 555 2683 expandi
582 2638 856 2673 directionibus
883 2637 1066 2679 diversis3
1095 2641 1262 2671 attamen
1291 2637 1510 2680 plerumque
1538 2636 1617 2669 lune
1635 2635 1788 2668 fuerunt

246 2695 298 2728 ita
337 2707 468 2739 sparsa
494 2699 531 2728 ut
560 2696 707 2729 facilius
734 2694 859 2727 oculos
886 2694 1047 2737 fugiant.
1096 2694 1230 2738 Majori
1260 2697 1461 2737 augmento
1488 2693 1699 2731 observata,
1727 2702 1785 2723 eu-

248 2755 331 2787 dem
372 2753 447 2787 vidi
486 2753 743 2790 inarticulata,
780 2762 927 2784 ramosa
954 2755 1016 2784 aut
1043 2751 1080 2784 in
1108 2763 1237 2785 coecos
1266 2751 1389 2795 apices
1419 2747 1669 2785 excurrentia,
1696 2748 1786 2779 tubo

248 2810 431 2843 interiore
469 2810 532 2843 vix
569 2808 783 2852 conspicuo.
833 2807 875 2839 In
911 2807 1162 2850 schieynzeviu
1195 2807 1354 2849 ahisque
1381 2814 1526 2848 quoque
1554 2802 1616 2835 fila
1642 2802 1785 2835 diversi

248 2865 400 2908 generis
427 2866 629 2899 observare
656 2862 815 2907 credidi,
841 2873 922 2905 quze
949 2866 1075 2896 autem
1103 2862 1295 2895 difficilius
1322 2862 1441 2894 adhuc
1468 2859 1754 2901 dignoscantur.
