1937 3315
1585 149 1654 187 151

123 270 370 323 dignoscere
393 267 564 319 quidem
586 263 749 306 credidi
771 262 978 316 ejusmodi
1002 261 1219 314 glebulam
1238 261 1337 314 (Ay.
1356 261 1435 302 tab.
1457 260 1659 300 XXXII.

112 339 188 391 ι119.
220 338 310 391 21),
358 337 399 377 111
446 335 635 388 gel-atina
681 331 893 373 exteriore
934 330 1214 380 nidulantem,
1251 329 1305 369 ab
1337 329 1439 381 ipsis
1471 327 1659 377 cellulis3

123 419 259 457 neque
291 408 434 445 tamen
467 404 578 444 hunc
610 401 662 443 ob
695 400 825 441 situm
847 402 1038 439 statuere
1061 397 1263 439 auderem
1286 397 1396 438 hanc
1418 397 1534 437 intra
1556 395 1660 436 istas

123 472 300 514 cellulas
346 485 437 513 esse
482 473 640 511 natam.
713 467 967 508 (f)bservz1nti
1014 466 1130 516 mihi,
1178 468 1278 506 ante
1325 464 1483 505 multos
1529 477 1661 504 annos

123 539 332 589 (lwtensza
372 538 508 579 Alcacl.
548 536 703 577 Handl.
738 538 849 576 1530·
871 548 974 585 pass.
1006 537 1090 583 40¹),
1139 532 1384 573 antlncridia
1416 531 1661 573 Lam-omia:

115 607 395 660 pinnatffidce,
428 605 632 658 adparuit
664 606 914 655 aperturam
953 600 1152 653 excipuli,
1187 601 1227 641 in
1261 614 1344 652 quo
1375 600 1659 648 continentur,

123 675 279 716 sensim
325 673 563 725 sensimque
603 671 792 714 dilatari,
833 673 875 709 et
905 668 1153 709 antheridia
1185 671 1335 709 mutua
1367 668 1580 721 pressione
1614 670 1661 706 ut

123 742 362 791 videbatur,
396 754 565 780 sursum
598 741 745 779 coacta
775 736 970 786 liberari,
1013 736 1089 776 sub
1123 736 1271 784 diebus
1304 739 1446 775 autem
1480 748 1658 786 sequen-

122 812 236 851 tibus
282 808 530 850 antheridia
576 805 747 859 singula
793 805 836 845 in
872 804 1082 858 plurimas
1116 802 1321 843 vesiculas
1352 802 1660 842 minutissimas

122 879 245 931 quasi
291 876 501 918 dissoluta
546 875 652 916 lieri.
713 872 852 922 Quum
889 888 914 913 a
952 870 1155 912 'l'huretio
1202 869 1362 909 dicitur
1408 869 1661 921 corpuscula

122 946 355 988 antheridii
386 960 411 986 a
443 943 697 986 monadibus
743 941 928 995 agilibus
974 953 1055 980 non
1094 952 1182 978 esse
1220 937 1540 990 distinguenda,
1572 938 1661 978 ani—

122 1014 354 1055 madvertit
386 1026 555 1066 quoque
587 1009 796 1064 ejusmodi
818 1005 1021 1049 monades
1044 1018 1211 1057 semper
1233 1004 1446 1058 generari,
1471 1004 1660 1045 ubicum-

123 1096 204 1134 que
244 1079 415 1121 cultura
447 1080 755 1119 conservantur
788 1071 1012 1121 Florideae3
1045 1071 1077 1111 si
1111 1085 1163 1112 ex
1195 1071 1262 1111 his
1293 1070 1420 1110 dictis
1450 1071 1660 1124 conjicere

120 1149 270 1190 liceret
315 1146 510 1188 Thuretii
548 1142 867 1186 observationes
899 1139 950 1180 de
983 1139 1255 1180 antherozois
1286 1137 1585 1179 Floridearum
1618 1139 1661 1179 111

120 1216 353 1258 individuis
384 1215 556 1256 cultura
587 1209 847 1253 conservatis
870 1209 1093 1249 institutas
1117 1207 1259 1258 fuisse,
1283 1207 1433 1248 dubito
1455 1221 1510 1248 an
1532 1220 1661 1260 nega-

121 1285 219 1326 tivae
264 1284 355 1336 ejus
399 1280 655 1322 assertiones
686 1276 922 1329 infringere
956 1274 1130 1316 valeant
1157 1274 1363 1327 positivas
1394 1273 1589 1315 Derbesii
1620 1276 1662 1314 et

121 1352 289 1394 Solierii
331 1348 668 1395 observationes3
717 1358 810 1385 mea
857 1344 969 1385 enim
1011 1343 1278 1396 experientia
1310 1342 1429 1395 sequi
1462 1345 1661 1395 putarem

120 1420 321 1462 monades
367 1417 505 1457 dictas
550 1428 633 1455 11011
679 1412 903 1466 provenire
936 1412 1016 1453 nisi
1049 1415 1124 1452 aut
1155 1411 1288 1464 ipsius
1319 1411 1478 1464 plantae
1510 1410 1661 1463 deper-

120 1489 235 1529 ditus
267 1486 321 1527 sit
354 1484 485 1537 vigor,
518 1484 595 1521 aut
627 1481 781 1521 vitiata
804 1493 919 1531 aqua
940 1479 1111 1520 marina
1133 1478 1343 1519 adhibita.
1390 1477 1433 1518 Si
1455 1478 1550 1530 quis
1572 1491 1660 1518 cre-

121 1557 241 1597 deret
272 1553 518 1605 fragmenta
550 1549 737 1590 definitae
768 1548 914 1589 formae
947 1547 1063 1588 haud
1095 1547 1288 1599 separari
1320 1560 1442 1598 posse
1475 1545 1529 1586 ab
1561 1545 1661 1598 alga

120 1622 319 1675 quadam,
366 1632 460 1672 quae
505 1617 548 1658 in
594 1620 756 1657 statum
803 1614 1099 1655 dissolutionis
1136 1612 1359 1666 cujusdam
1397 1612 1660 1662 transiverit,

119 1690 276 1731 addere
310 1687 452 1740 placet
483 1699 549 1726 me
581 1684 813 1737 aliquando
844 1683 1000 1724 vidisse
1032 1696 1180 1735 sporas
1211 1681 1385 1722 cultura
1407 1684 1600 1722 servatas
1618 1681 1660 1721 in

121 1757 329 1811 plurimas
361 1757 507 1808 partes
539 1753 756 1806 ellipticas
789 1751 950 1793 solutas
981 1749 1124 1790 fuisse.

233 1824 275 1865 si
320 1822 613 1864 indubitatum
659 1821 810 1861 fuisset
849 1818 1009 1859 factum
1049 1816 1302 1870 corpuscula
1334 1816 1409 1857 illa
1441 1815 1586 1868 agilia,
1619 1820 1661 1857 et

119 1896 281 1935 certam
318 1892 499 1933 formam
530 1889 695 1939 induta,
728 1902 822 1941 quae
854 1887 1103 1928 indicarunt
1136 1885 1298 1927 Derbes
1329 1887 1372 1926 et
1403 1883 1553 1934 Solier,
1585 1899 1661 1925 an-

119 1960 315 2002 theridiis
361 1960 658 2001 Floridearum
705 1957 926 2006 contineri,
963 1970 1015 1997 ex
1054 1954 1254 2006 analogia
1286 1952 1459 2005 quidem
1491 1952 1660 1993 conclu-

120 2029 219 2070 dere
266 2027 414 2069 licerct
463 2026 514 2067 de
559 2023 769 2067 consimili
807 2038 886 2064 usu
923 2026 966 2064 et
998 2025 1155 2062 natura
1187 2033 1460 2073 organorum.
1521 2021 1661 2069 Quum

120 2110 218 2136 vero
249 2096 355 2136 istas
386 2093 705 2134 observationes
737 2091 843 2132 bene
875 2089 1115 2143 explicatas
1145 2087 1275 2128 :fuisse
1307 2086 1558 2139 denegatur,
1590 2087 1661 2127 vix

120 2163 193 2204 alii
231 2166 408 2203 manent
445 2159 792 2202 antheridiorum
824 2158 1097 2199 characteres
1129 2169 1258 2208 quam
1291 2154 1365 2207 qui
1396 2168 1448 2195 ex
1480 2153 1587 2195 facie
1619 2158 1662 2195 et

120 2232 326 2284 adspectu
358 2230 632 2270 hauriantur.
679 2227 754 2268 His
776 2230 920 2268 tamen
943 2240 1025 2268 non
1047 2224 1335 2273 obstantibus,
1359 2236 1523 2275 organa
1544 2223 1662 2264 dicta

122 2299 418 2341 Floridearum
449 2296 697 2338 autheridia
728 2295 972 2337 considerat
994 2293 1173 2334 Thuret.
1224 2292 1273 2333 In
1294 2290 1496 2345 opusculo
1517 2290 1660 2343 (Rcch.

120 2381 194 2408 sur
225 2367 283 2407 les
314 2366 487 2406 Anther.
519 2366 591 2405 des
612 2364 769 2415 Alyues
782 2378 827 2415 p.
851 2365 925 2416 44)
957 2360 1266 2403 animadvertit
1288 2358 1437 2400 eadem
1459 2358 1660 2398 obvenire

120 2433 272 2474 iisdem
318 2431 421 2472 locis
465 2431 643 2480 frondis,
682 2430 841 2482 quibus
872 2429 958 2469 alia
989 2441 1152 2480 organa
1184 2425 1532 2466 fructificationis
1563 2438 1660 2477 pro-

124 2501 308 2549 veniant,
341 2498 455 2550 quod
487 2511 655 2550 quoque
686 2497 881 2551 pluribus
914 2496 1016 2536 locis
1047 2494 1311 2535 contendunt
1342 2493 1503 2534 Derbes
1525 2495 1568 2534 et
1586 2494 1659 2534 So-

122 2569 220 2618 lier,
252 2567 279 2607 l.
304 2582 338 2607 c.
360 2566 487 2606 dixit:
521 2565 586 2607 ”Si
615 2564 798 2618 j'insiste
830 2578 902 2604 sur
934 2577 1001 2604 ces
1032 2565 1231 2615 rapports
1263 2560 1313 2601 de
1336 2560 1537 2612 position,
1559 2559 1662 2600 c‘est

122 2636 250 2688 qu‘eu
296 2634 507 2675 labsence
552 2633 603 2674 de
636 2636 729 2673 tout
760 2635 883 2673 autre
914 2646 1064 2685 moyen
1095 2630 1146 2671 ‹le
1178 2629 1439 2670 determiner
1472 2627 1514 2668 la
1546 2628 1661 2669 vraie

123 2707 275 2744 nature
313 2702 386 2742 des
417 2699 692 2749 ant-heridies,
724 2699 776 2739 ils
809 2713 872 2739 me
907 2697 1118 2739 semblent
1149 2696 1350 2747 indiquor
1382 2709 1463 2746 que
1496 2709 1563 2736 ces
1593 2710 1660 2737 or-

123 2785 253 2825 ganes
299 2773 373 2810 ont
418 2782 498 2809 une
543 2768 804 2820 importance
850 2766 969 2819 &gale
1002 2766 1026 2806 a
1057 2764 1162 2806 celle
1208 2763 1281 2804 des
1318 2777 1440 2817 corps
1472 2763 1575 2805 dont
1607 2763 1661 2805 ils

123 2839 316 2880 tienneut
363 2835 405 2876 la
442 2834 576 2888 place,
608 2838 650 2875 et
681 2833 952 2887 remplissent
982 2830 1310 2886 probablement
1341 2830 1414 2872 des
1446 2829 1661 2873 fonctions
