1937 3315
1595 214 1648 254 83

110 344 185 371 suo
223 329 314 371 1000
351 334 394 370 et
432 329 508 370 sub
540 344 616 370 sua
646 329 784 370 forma
815 330 1014 369 servatur
1043 328 1085 368 in
1117 330 1346 381 systemate
1377 324 1647 375 cellularum,

110 397 230 451 cujus
261 400 429 450 partem
461 396 515 437 ab
547 396 668 437 initio
703 395 938 437 constituit.
987 394 1043 436 Ut
1073 409 1220 435 ramus
1251 397 1453 436 externus
1484 392 1650 434 frondis

110 478 136 505 a
180 464 315 514 caule,
362 464 423 504 ita
468 476 614 503 ramus
660 461 823 503 cellula*
860 476 885 501 a
924 460 1082 502 cellula
1111 464 1310 502 materna
1341 460 1649 513 distinguatur.

111 531 220 573 Sunt
251 531 383 585 Algae,
416 544 598 584 quarum
630 530 739 570 rami
771 529 937 570 externi
969 543 1112 569 omnes
1144 532 1243 569 sunt
1273 528 1380 569 rami
1415 527 1593 578 cellulae,
1625 542 1649 569 a

111 599 267 642 cellula
297 603 493 640 materna
529 612 580 639 ne
612 598 943 650 diaphragmate
975 597 1148 648 quidem
1180 597 1369 650 separati
1400 596 1650 649 (Bryopsia

110 668 319 720 Cmdewa
351 667 465 721 etc.);
512 666 555 706 in
600 665 794 718 plurimis
832 679 931 705 vero
970 665 1078 705 rami
1111 664 1365 705 cellularum
1397 679 1423 706 a
1453 668 1650 705 materna

111 734 268 777 cellula
299 737 556 786 separantur
587 731 933 784 diaphragmate,
965 731 1077 783 quod
1110 731 1197 771 fere
1229 745 1395 783 semper
1416 730 1650 772 directione

108 801 387 843 transversali
418 800 609 854 (ramum
641 798 822 851 versus),
856 801 897 838 et
929 797 1182 850 plerumque
1204 797 1332 850 paulo
1356 812 1485 851 supra
1507 803 1650 838 ortum

108 870 217 910 rami
262 868 501 922 perficitur3
547 867 645 907 hinc
692 865 780 906 fere
827 865 993 905 diceres
1039 865 1325 918 diaphragma
1362 867 1504 919 potius
1540 866 1649 906 rami

110 951 240 990 quam
272 935 436 977 cellulae
466 938 671 976 maternae
703 936 871 987 partem
903 933 1177 974 constituere.

223 1004 382 1046 Locum
427 1002 616 1044 natalem
662 1002 771 1043 rami
817 1001 996 1055 singulis
1033 1001 1255 1055 speciebus
1287 1002 1509 1043 definitum
1541 1001 1652 1051 dix13

110 1087 260 1114 revera
299 1073 341 1113 in
377 1071 575 1113 omnibus
609 1070 714 1111 mihi
753 1070 935 1123 cognitis
968 1070 1187 1123 speciebus
1218 1070 1416 1111 oriuntur
1447 1069 1651 1110 articulo-

110 1155 205 1182 rum
250 1140 361 1182 rami
406 1139 522 1180 infra
567 1138 853 1191 diaphragma
900 1138 1108 1191 superius,
1149 1138 1262 1191 quod
1294 1142 1422 1178 antea
1453 1138 1566 1190 ipsos
1598 1137 1652 1177 ab

111 1206 295 1249 articulo
340 1208 573 1260 generante
618 1204 838 1245 terminali
876 1205 1154 1258 separaverit.
1215 1204 1265 1245 In
1297 1204 1515 1253 nonnullis
1546 1202 1652 1244 Con—

110 1276 240 1318 servis
272 1274 335 1328 (C.
363 1274 607 1326 ylovnerata,
653 1273 695 1315 C.
716 1273 880 1326 fracta,
926 1273 969 1314 (J,
1001 1272 1284 1327 Hutclaxzssnsioe)
1321 1272 1432 1313 rami
1463 1271 1517 1312 ab
1548 1270 1654 1311 arti-

111 1343 220 1384 culis
263 1342 445 1396 singulis
489 1341 787 1395 provenientes
832 1344 933 1382 sunt
969 1340 1140 1394 singuli,
1171 1344 1215 1382 et
1247 1354 1355 1394 saepe
1387 1340 1431 1380 in
1462 1338 1653 1392 proxime

111 1411 392 1464 sequentibus
429 1409 625 1451 articulis
656 1409 766 1450 idem
802 1409 918 1450 latus
948 1408 1111 1450 frondis
1141 1411 1400 1462 occupantes
1431 1408 1564 1460 (rami
1593 1419 1654 1446 se-

110 1480 320 1533 cumlati);
364 1479 407 1519 in
439 1478 537 1519 aliis
569 1478 631 1531 (C.
663 1478 986 1530 rcctawffldaris,
1017 1477 1061 1519 C.
1092 1478 1341 1532 composita)
1372 1477 1481 1518 rami
1513 1476 1597 1516 duo
1629 1490 1654 1516 a

112 1547 292 1600 singulis
337 1546 534 1588 articulis
580 1549 829 1593 nascuntur,
877 1546 1081 1587 coaetanei
1127 1550 1204 1587 aut
1240 1549 1369 1587 aetate
1399 1544 1596 1598 proximi.
1630 1558 1654 1584 a

112 1614 323 1657 lateribus
368 1613 574 1667 oppositis
619 1613 920 1665 provenientes
951 1613 1085 1666 (rami
1114 1615 1335 1667 oppositi);
1380 1613 1423 1653 in
1454 1612 1550 1653 aliis
1582 1612 1653 1652 de-

111 1697 226 1724 mum
259 1682 324 1736 (C.
356 1682 579 1733 rupestris,
610 1680 653 1722 C.
685 1684 889 1732 catenata,
921 1680 962 1722 C.
987 1680 1225 1734 prolzfera)
1256 1693 1405 1721 zonam
1436 1679 1653 1732 quandam

113 1751 278 1792 diceres
322 1749 435 1790 infra
479 1747 766 1801 diaphragma
810 1747 1011 1798 fertilem,
1057 1761 1080 1787 a
1114 1761 1199 1800 qua
1229 1746 1338 1787 rami
1370 1745 1527 1799 plures,
1559 1759 1653 1786 sen-

113 1818 193 1859 sim
237 1820 279 1858 et
324 1816 558 1858 successive
608 1819 846 1867 emergunt.
922 1814 1043 1864 Quod
1095 1815 1157 1855 ita
1208 1814 1259 1855 de
1311 1813 1533 1855 Confervis
1584 1828 1655 1854 va-

113 1886 201 1926 lere
247 1884 434 1934 videtur,
479 1883 591 1924 idem
637 1883 680 1923 in
726 1881 937 1923 Florideis
974 1881 1248 1922 filiformibus
1280 1881 1474 1933 analogis
1504 1881 1656 1933 (Calli-

114 1953 339 2003 mammon,
370 1950 522 1992 Ballia
553 1950 655 2004 etc.)
686 1949 880 1990 obtinere
911 1953 1031 2002 puto.
1077 1949 1191 1990 Raro
1224 1963 1329 1990 zona
1351 1948 1506 1990 fertilis
1528 1948 1656 2001 paulo

115 2020 283 2073 longius
327 2018 442 2060 infra
487 2017 774 2070 diaphragma
809 2016 1029 2067 obveniat,
1076 2030 1321 2069 numquam,
1354 2015 1389 2056 si
1421 2015 1524 2068 quid
1556 2015 1656 2064 scio,

114 2087 232 2128 infra
261 2086 446 2128 mediam
476 2085 652 2127 articuli
682 2088 872 2138 partem;
919 2084 993 2125 ubi
1025 2098 1124 2125 vero
1156 2084 1342 2137 analoga
1373 2083 1537 2125 cellulae
1567 2096 1657 2123 ma-

115 2158 249 2196 ternae
278 2153 589 2196 ramificatione
620 2153 788 2194 radices
820 2152 1075 2203 formantur,
1108 2153 1172 2193 hae
1204 2152 1258 2193 ab
1290 2151 1491 2193 inferiore
1520 2155 1564 2192 et
1584 2165 1657 2204 po-

116 2224 330 2264 tissimum
361 2222 510 2264 infima
539 2225 664 2275 parte
695 2220 870 2262 articuli
903 2221 1057 2274 saepius
1088 2220 1420 2274 protruduntur.
1472 2218 1659 2259 Articuli

117 2291 279 2332 caulini
317 2304 459 2332 ramos
491 2290 740 2343 generaturi
773 2292 1070 2330 maturescunt
1100 2289 1250 2330 ordine
1282 2302 1450 2329 sursum
1483 2300 1658 2340 progre-

118 2358 281 2415 diente,
312 2357 460 2398 eodem
491 2356 614 2398 modo
645 2371 671 2397 a
702 2355 920 2397 radicibus
951 2356 1312 2397 descendentibus
1342 2355 1450 2395 rami
1479 2355 1569 2395 nati
1591 2368 1658 2394 or-

119 2424 216 2465 dine
247 2424 531 2465 descendente
561 2424 774 2464 oriuntur.

232 2489 421 2531 Cellulas
466 2490 775 2531 ramificatione
820 2489 1030 2530 formatas
1073 2490 1115 2529 in
1162 2489 1370 2530 Florideis
1409 2489 1658 2540 frequenter

120 2558 334 2608 obvenire,
380 2558 422 2598 in
468 2558 519 2598 iis
564 2557 689 2597 facile
735 2560 799 2597 est
837 2557 1081 2605 observatu,
1129 2569 1311 2608 quarum
1350 2556 1458 2596 rami
1495 2554 1658 2595 frondis

121 2640 289 2680 quoque
326 2628 428 2665 sunt
459 2623 739 2665 articulorum
772 2623 882 2664 rami
899 2623 953 2678 ²⁸).
1014 2622 1095 2663 Sed
1128 2624 1257 2663 etiam
1290 2622 1386 2662 aliis
1418 2622 1520 2663 locis
1550 2634 1660 2674 saepe

214 2786 246 2828 ¹⁸)
272 2784 322 2819 Ut
348 2785 394 2818 de
421 2785 533 2817 ramis
561 2783 814 2817 exterioribus
839 2783 1100 2816 Floridearum
1121 2782 1197 2825 jam
1217 2781 1345 2815 monui
1363 2781 1557 2825 ingentem
1578 2792 1660 2814 esse

124 2842 372 2878 variationem
413 2840 535 2885 quoad
573 2840 814 2883 directiones,
847 2851 954 2873 secus
981 2851 1073 2883 quas
1100 2840 1138 2873 in
1164 2839 1327 2872 diversis
1354 2839 1551 2882 speciebus
1578 2849 1662 2882 pro-

123 2901 332 2934 truduntur
369 2898 476 2941 rami,
515 2898 568 2931 ita
605 2898 703 2931 idem
737 2908 882 2940 quoque
917 2897 961 2930 de
989 2894 1260 2929 ramificatione
1288 2895 1508 2929 cellularum
1536 2895 1661 2928 valere
