1937 3315
1601 162 1650 202 91

106 274 276 327 pleonloe
310 273 495 315 articulo
526 273 743 315 terminali
774 273 860 314 vidi
894 273 1090 315 nucleum
1121 272 1285 315 cellulae
1316 273 1567 323 indivisum3
1613 273 1655 314 in

116 342 301 383 articulo
347 342 597 396 penultimo,
644 341 829 383 nondum
875 341 1125 394 siphonibus
1163 340 1392 391 subdiviso,
1429 340 1598 382 nucleos
1630 342 1655 381 4

115 409 346 461 evidentes,
365 424 544 464 quorum
567 424 698 451 unum
720 424 829 450 nunc
851 409 1018 451 caetcris
1041 409 1178 462 majus
1199 408 1438 459 observavi3
1470 409 1513 448 in
1536 412 1655 449 ante-

115 477 362 530 penultimis
406 478 523 519 intra
560 478 757 530 siphones
788 477 1091 531 periccntricos
1123 476 1313 530 singulos
1345 475 1430 516 vidi
1463 476 1654 527 nucleos3

116 560 182 586 me
213 549 357 587 autem
387 546 430 586 in
463 545 567 586 axili
600 545 765 586 nullum
796 544 1016 586 evidenter
1048 544 1215 595 vidisse,
1247 543 1387 585 dicere
1419 544 1484 585 fas
1516 547 1593 585 est.

228 613 278 654 In
314 613 514 666 placenta
544 612 759 653 adultiore
791 612 934 653 valida
965 612 1237 665 quarundam
1269 611 1654 653 Rhodomelearum

114 682 316 734 (szdah‘a
360 682 539 733 spirulas
584 680 662 733 Ay.
709 681 788 722 tab.
837 680 1066 721 XXXIII.
1088 682 1161 733 fig).
1194 681 1274 731 236¹)
1312 679 1397 720 vidi
1430 679 1653 721 inferiores

114 747 292 791 cellulas
323 747 486 788 cinctas
517 746 696 788 reticulo
727 749 947 788 meatuum
970 746 1335 797 interstitialium3
1368 746 1656 788 endochroma

113 818 156 859 in
187 818 252 859 his
283 815 509 858 collectum
535 814 652 868 jodio
684 814 881 867 adposito
913 813 1077 855 luteum
1108 813 1292 854 colorem
1315 828 1530 856 assumere
1553 814 1653 861 vidi,

113 884 444 926 endochromate
474 883 666 936 ipsarum
700 881 952 922 cellularum
985 881 1208 922 obscurius
1239 880 1515 932 fuscescente‚
1539 896 1655 935 gem-

111 952 253 993 midiis
296 964 397 992 vero
432 949 720 991 adultioribus
753 948 1156 990 coerulescentibus,
1216 948 1539 1002 (Endochroma
1570 950 1653 990 cel-

111 1019 298 1061 lularum
330 1017 587 1072 juvenilium
625 1020 667 1058 et
700 1031 834 1070 nuper
865 1017 1053 1058 formata
1083 1015 1316 1069 gemmidia
1346 1016 1509 1057 luteum
1542 1017 1653 1058 colo-

110 1100 199 1127 rem
242 1099 410 1139 quoque
441 1085 768 1139 assumserunt).
832 1083 1040 1138 Equidem
1072 1084 1170 1125 huic
1200 1087 1421 1125 meatuum
1452 1084 1653 1126 intercel-

110 1153 313 1194 lularium
359 1152 540 1193 reticulo
585 1151 847 1193 functionem
892 1166 982 1193 esse
1027 1151 1082 1193 ab
1127 1151 1403 1193 inferioribus
1443 1151 1653 1204 placentae

109 1219 307 1274 partibus
339 1219 511 1261 adferre
542 1219 853 1260 nutrimentum
885 1218 1126 1272 gemmidiis
1149 1218 1507 1259 numerosissimis
1528 1219 1654 1261 facile

109 1291 320 1342 putarem,
365 1290 414 1328 ut
458 1287 501 1328 in
547 1286 645 1327 aliis
676 1286 788 1326 idem
820 1300 1037 1328 assumere
1067 1300 1197 1327 ausus
1229 1300 1321 1327 sum
1352 1286 1404 1327 de
1434 1286 1539 1339 ipsis
1570 1287 1652 1328 cel-

109 1355 209 1397 lulis
254 1354 474 1408 placentae,
517 1368 700 1408 quarum
731 1354 1067 1396 endochromata
1097 1355 1215 1408 poris
1247 1354 1444 1396 dilatatis
1474 1355 1651 1408 conjun-

110 1426 282 1477 gantur.

221 1489 552 1544 Callophyllidis
597 1493 640 1531 et
685 1489 870 1531 aliorum
916 1490 1186 1543 quorundam
1232 1489 1445 1532 Generum
1491 1505 1542 1532 ea
1586 1495 1652 1532 est

108 1563 332 1601 structura
368 1560 416 1598 ut
448 1556 612 1598 cellulae
644 1557 875 1599 interiores
906 1557 1152 1598 rotundatae
1184 1561 1228 1599 et
1257 1571 1424 1611 magnae
1469 1558 1650 1600 reticulo

108 1626 388 1668 circumcirca
438 1625 654 1666 ambiente
704 1625 967 1666 minutarum
1015 1624 1267 1666 cellularum
1313 1625 1650 1667 circumdantur.

108 1694 283 1736 Cellulae
329 1694 503 1734 minutae
548 1693 729 1734 formam
775 1693 971 1734 referunt
1007 1696 1227 1734 meatuum
1263 1692 1650 1734 intercellularium

107 1764 517 1816 tri-tetraquetram‚
550 1766 593 1803 et
623 1761 795 1815 angulis
840 1761 1039 1802 tubulose
1075 1761 1308 1813 protractis
1340 1761 1519 1802 invicem
1551 1775 1648 1803 con-

102 1832 366 1885 junguntur3
412 1830 489 1870 has
527 1842 695 1882 quoque
731 1828 974 1870 evolutione
1007 1831 1226 1870 meatuum
1257 1828 1649 1870 intercellularium

106 1900 219 1941 inter
264 1896 441 1939 cellulas
485 1896 670 1949 majores
715 1896 819 1938 oriri
863 1896 1028 1950 putavi.
1089 1895 1185 1937 Alio
1231 1894 1323 1937 loco
1362 1895 1413 1937 de
1445 1899 1539 1937 tota
1570 1897 1650 1938 hac

107 1966 348 2008 evolutione
379 1966 514 2006 fusius
545 1965 714 2006 locutus
746 1979 852 2006 sum.

220 2033 263 2075 si
294 2034 430 2086 igitur
461 2032 626 2075 cellulae
657 2033 854 2085 quaedam
883 2033 1008 2075 modo
1041 2047 1171 2086 supra
1192 2032 1454 2074 adumbrato
1478 2058 1529 2063 —
1552 2048 1648 2075 evo-

106 2102 268 2143 lutione
300 2104 519 2142 meatuum
549 2100 939 2142 intercellularium
969 2125 1025 2130 —-
1056 2100 1312 2151 formantur,
1334 2104 1535 2154 opportet
1557 2116 1648 2143 eas-

106 2169 201 2210 dem
247 2169 406 2210 sormas
451 2182 668 2209 assumere
714 2168 919 2219 diversas,
965 2172 1094 2222 prout
1131 2169 1271 2222 spatia
1306 2169 1649 2210 intercellularia

106 2237 220 2277 inter
250 2235 431 2277 cellulas
461 2234 598 2277 forma
629 2235 819 2277 diversas
850 2236 1142 2278 extenduntur
1164 2240 1206 2277 et
1227 2236 1537 2278 distenduntur
1558 2252 1647 2278 ma-

102 2304 187 2357 jori
223 2307 300 2344 aut
334 2303 490 2344 minori
522 2303 868 2345 endochromatis
899 2304 1041 2357 copia3
1086 2308 1215 2357 prout
1246 2304 1427 2357 singulae
1458 2310 1646 2355 manent,

107 2374 183 2411 aut
213 2369 409 2411 discretae
439 2370 604 2411 tubulis
634 2372 967 2424 conjunguntur,
996 2375 1073 2412 aut
1093 2372 1264 2412 omnino
1286 2371 1529 2413 coalescunt
1552 2372 1645 2425 plu-

107 2452 188 2479 res.
248 2436 367 2477 Inter
410 2436 589 2478 cellulas
633 2438 816 2490 majores
861 2438 1120 2479 rotundatas
1165 2439 1334 2481 facilius
1376 2443 1645 2492 exspectares

106 2504 255 2546 iisdem
301 2518 391 2545 esse
437 2503 616 2545 formam
662 2506 1071 2559 tri-tetraquetram‚
1110 2521 1239 2559 quam
1270 2507 1313 2548 in
1345 2507 1646 2560 Callophpslle'de

107 2576 150 2614 et
195 2571 484 2613 consimilibus
528 2571 711 2613 offerant
756 2572 856 2625 (Agl.
897 2574 990 2614 Ταῦ.
1025 2573 1149 2614 XIV.
1171 2575 1246 2626 ιΙῐῃ.
1277 2577 1308 2615 2
1338 2579 1376 2615 ct
1405 2576 1463 2629 (i).
1524 2576 1645 2618 Inter

106 2640 283 2681 cellulas
314 2641 451 2693 magis
480 2641 879 2695 parenchymaticas
911 2642 1182 2694 angustiores
1212 2645 1518 2695 exspectantur
1548 2644 1643 2694 (cfr.

105 2708 184 2760 Ay.
220 2709 313 2749 Tab.
348 2708 546 2750 XXVII.
566 2711 641 2762 fiy.
672 2711 735 2761 4);
780 2710 821 2751 in
859 2710 1008 2751 multis
1040 2710 1249 2752 Florideis
1279 2711 1392 2752 inter
1422 2712 1531 2754 alias
1560 2712 1643 2754 cel-

106 2776 219 2817 lulas
263 2775 513 2829 adspectum
544 2776 737 2829 praebent
769 2777 940 2828 qualem
971 2777 1136 2818 cellulae
1168 2777 1351 2831 duplicis
1391 2780 1559 2832 generis
1600 2781 1643 2821 in

105 2843 218 2886 foliis
263 2841 563 2897 Sphagnorum
608 2844 708 2897 (Ay.
750 2845 844 2886 sab.
878 2845 1107 2888 XXXIII.
1127 2847 1203 2899 jigs.
1234 2849 1367 2902 2601),
1414 2847 1514 2889 licet
1558 2847 1642 2896 alio
