1937 3315
1521 178 1602 218 ‘263

71 307 237 334 ramum
267 293 538 334 incurvatum
570 294 674 342 fieri,
707 297 749 334 et
771 292 1017 346 spongiolas
1038 292 1080 332 in
1102 291 1237 332 latere
1260 290 1473 332 exteriore
1491 291 1600 330 rami

70 361 236 401 curvati
267 361 542 401 obvenientes
573 361 797 414 adparere.
859 360 987 400 Initio
1020 358 1264 411 spongiolae,
1298 359 1483 399 minores
1513 372 1602 398 11111-

71 428 163 469 bitu
201 431 243 469 et
279 442 431 481 parum
464 427 656 474 elevatae,
689 442 891 469 verrucas
924 427 1130 475 referunt,
1164 441 1237 467 suo
1269 426 1475 478 adspectu
1507 440 1602 466 euin

69 495 218 536 fronde
264 495 404 536 sterili
448 496 585 548 magis
631 496 933 548 hmnogeneas,
980 495 1078 535 dein
1117 508 1214 535 vero
1253 494 1389 546 magis
1420 493 1602 546 grande-

69 566 233 604 scentes
278 566 321 603 et
366 562 512 603 vicinae
558 562 702 615 plures
735 576 845 615 szepe
883 562 1155 612 confluentes,
1189 562 1359 603 demum
1391 561 1603 601 diametro

68 631 206 684 ipsum
252 644 419 671 ramum
465 630 590 682 longe
635 634 840 682 superant
878 633 920 670 et
952 629 1076 670 facile
1107 629 1276 669 0111111110
1307 628 1602 681 heterogeneae

70 698 332 739 viderentur.
392 697 595 738 Disseetae
627 696 858 750 spongiolze
890 701 1085 737 constare
1118 697 1329 749 adparent
1351 696 1434 736 11113
1456 694 1601 748 paral-

69 765 174 811 lelis,
212 765 477 818 superficiem
510 778 656 805 versus
688 763 977 804 radiantibus.
1040 764 1082 803 si
1114 763 1201 803 haec
1232 763 1304 804 fila
1336 766 1478 803 ortum
1510 776 1602 802 ver-

69 847 139 873 sus
184 835 437 885 sequuntur,
476 831 625 872 eadem
656 845 682 872 a
713 830 894 872 centrali
926 830 1111 882 quodam
1142 834 1299 882 puncto
1332 831 1447 870 infra
1478 844 1603 882 spon-

69 899 227 953 giolam
265 899 347 941 sito
385 900 489 941 oriri
522 899 697 949 videbis,
730 913 755 940 a
787 913 870 950 quo
902 911 1243 950 quoquoversum
1278 897 1497 937 radiantia
1527 896 1603 937 ad-

68 971 262 1021 pareant,
308 967 397 1008 alia
442 967 578 1020 magis
616 966 913 1016 erectiuscula,
945 965 1031 1005 alia
1062 965 1198 1016 magis
1231 964 1529 1005 decumbentia
1561 967 1604 1005 et

69 1035 192 1088 quasi
223 1035 487 1088 superficiem
522 1035 687 1076 frondis
719 1033 878 1075 sterilis
909 1032 1169 1084 obtegentia.
1231 1032 1350 1072 Inter
1372 1031 1603 1084 spongiolze

69 1103 142 1144 fila
172 1103 311 1144 nuclei
333 1102 506 1156 plurimi
529 1102 751 1144 rotundati
774 1101 896 1154 quasi
919 1099 1057 1153 sparsi
1080 1099 1327 1143 obveniunt,
1351 1099 1603 1151 plerumque

69 1170 213 1224 plures
260 1184 386 1211 zonas
432 1170 723 1211 concentricas
761 1170 1010 1217 formantes,
1042 1167 1085 1207 in
1117 1166 1274 1218 quibus
1306 1166 1446 1207 nuclei
1480 1168 1605 1207 unius

70 1253 165 1280 cum
196 1238 356 1279 nucleis
383 1239 574 1291 proxime
598 1238 746 1278 vicinae
770 1251 883 1284 zonae
906 1236 1175 1277 alternantes
1197 1235 1437 1288 adpareant
1459 1235 1603 1287 (Gran.

68 1307 164 1359 Αἶα.
195 1307 311 1347 Brit.
344 1306 424 1346 tab.
458 1305 557 1356 XI.,·
589 1308 669 1357 Ay.
701 1305 781 1345 tab.
816 1303 1019 1344 XXXII.
1039 1304 1115 1356 ffls.
1147 1306 1204 1353 4).
1264 1302 1386 1342 Inter
1433 1302 1605 1343 nucleos

68 1374 262 1416 fasciculi
293 1374 463 1415 filorum
494 1373 707 1415 sterilium
739 1375 986 1421 excurrunt,
1019 1371 1093 1412 alii
1127 1370 1605 1421 311101111301111,11111111-

69 1444 224 1484 feriore
271 1457 347 1483 sua
392 1444 516 1494 parte
564 1441 760 1482 nucleum
806 1440 1045 1489 fulcientes,
1084 1438 1183 1479 (lein
1216 1452 1343 1478 cursu
1375 1437 1496 1478 devio
1529 1453 1605 1478 nu-

70 1511 206 1551 cleum
252 1510 528 1551 circumcirca
573 1509 825 1558 ambientes,
871 1507 1002 1548 ramis
1050 1520 1181 1559 supra
1218 1505 1415 1546 nucleum
1447 1505 1603 1546 iterum

70 1578 383 1632 adproximatis
414 1577 602 1618 medium
635 1576 840 1625 canalem,
872 1575 955 1615 filis
986 1574 1113 1627 paulo
1136 1573 1374 1615 laxioribus
1397 1574 1605 1613 constitu-

70 1651 174 1695 tum,
207 1645 482 1699 carpostomii
514 1644 603 1686 loco
634 1645 746 1685 inter
777 1657 819 1684 se
852 1643 1109 1695 linquentes.
1155 1641 1251 1694 Ipse
1274 1639 1449 1681 nucleus
1470 1640 1605 1693 31111111-

69 1715 182 1755 ricus
227 1718 303 1755 aut
344 1713 563 1767 paulisper
594 1713 801 1765 oblongus
833 1715 1001 1752 constat
1033 1709 1272 1763 gemmidiis
1303 1708 1501 1762 plurimis
1532 1708 1605 1748 011-

70 1782 220 1832 ovatis,
266 1785 343 1822 aut
388 1781 613 1830 obconicis,
647 1781 772 1832 quasi
803 1794 828 1820 a
859 1778 1041 1820 centrali
1073 1781 1230 1831 puncto
1262 1790 1606 1829 quoquoversum

70 1849 353 1891 radiantibus.
416 1847 596 1901 Singula
640 1847 871 1900 gemmidia
916 1845 1208 1899 peridermate
1252 1843 1459 1885 conformi
1491 1858 1606 1884 cras-

71 1918 180 1959 siore
228 1920 328 1957 sunt
362 1915 547 1966 inclusa3
594 1915 660 1956 his
691 1913 1055 1968 peridermatibus
1086 1915 1210 1953 extra
1241 1911 1472 1964 gemmidia
1504 1912 1606 1952 emi—

72 1985 272 2026 nentibus
294 1988 336 2025 et
357 1983 538 2024 invicem
560 1982 887 2036 adproximatis,
912 1981 1086 2022 nucleus
1108 1983 1226 2020 totus
1250 1979 1460 2032 adpareat
1483 1981 1606 2032 quasi

72 2057 210 2094 strato
256 2052 430 2107 hyalino
476 2051 713 2104 gelatinoso
759 2051 924 2091 cinctus
969 2049 1123 2102 (Harv.
1165 2047 1292 2100 Hem.
1325 2047 1404 2088 ΒΓ.
1442 2048 1522 2088 tab.
1554 2051 1608 2089 95

60 2123 134 2176 figs.
167 2123 226 2175 3).
288 2121 331 2162 Si
368 2136 393 2162 a
424 2120 647 2174 superficie
679 2119 934 2161 observatur
966 2117 1141 2158 nucleus
1172 2119 1382 2166 maturus,
1414 2116 1606 2169 perider-

73 2194 191 2231 mata
237 2189 477 2243 adpareant
522 2192 673 2229 mutua
718 2188 934 2241 pressione
972 2184 1530 2238 subhexagono-angulata3
1562 2184 1606 2224 in

74 2258 222 2299 nucleo
249 2257 418 2311 juniore
450 2257 537 2297 vidi
570 2255 801 2309 gemmidia
831 2254 960 2308 paulo
983 2253 1124 2293 laxius
1148 2252 1368 2305 disposita.
1413 2251 1607 2299 Dissecto

73 2325 221 2367 nucleo
254 2325 442 2366 nondum
473 2327 645 2365 maturo
676 2323 820 2363 videre
853 2322 954 2361 licet
986 2319 1216 2372 gemmidia
1237 2320 1280 2359 in
1303 2318 1499 2358 articulis
1522 2322 1607 2359 ter-

74 2393 309 2433 minalibus
354 2392 537 2442 filorum,
569 2391 623 2431 ab
662 2391 780 2443 apice
817 2389 1025 2442 placentae
1059 2400 1399 2438 quoquoversum
1431 2384 1606 2426 radian-

75 2461 196 2510 tium,
227 2460 330 2500 oriri
375 2459 475 2511 (Ay.
509 2460 586 2499 tab.
619 2456 825 2498 XXXII.
845 2457 920 2508 ι119.
953 2455 1010 2508 5).
1070 2453 1276 2494 Placenta
1323 2456 1491 2493 constat
1538 2452 1608 2493 1110

76 2527 308 2570 articulato
354 2526 561 2575 breviore,
593 2539 705 2565 nunc
743 2523 901 2576 paucis,
941 2537 966 2562 a
999 2520 1129 2561 fundo
1162 2524 1335 2573 cryptae,
1368 2533 1497 2572 quam
1530 2520 1607 2559 im-

76 2596 167 2649 plet
202 2593 376 2635 nucleus
411 2597 620 2642 maturus,
658 2589 952 2632 erectiusculis
987 2592 1065 2629 aut
1102 2587 1273 2639 oblique
1311 2586 1607 2627 adscendenti-

78 2664 174 2714 bus,
221 2662 568 2710 endochiomata,
616 2659 731 2699 intra
777 2657 981 2698 articulos
1021 2655 1230 2709 placenta}
1262 2654 1501 2706 superiores
1532 2668 1608 2707 per

77 2745 203 2785 poros
249 2730 401 2771 sensim
448 2726 745 2776 coalcsoentia,
793 2725 927 2766 serius
964 2725 1005 2765 in
1038 2737 1190 2775 corpus
1222 2721 1406 2762 solidum
1438 2724 1608 2762 mutan-

79 2803 163 2849 tur,
186 2797 299 2850 quod
330 2795 538 2837 articulos
570 2795 736 2835 infimos
767 2794 1137 2834 anastomosantes
1168 2789 1333 2829 1110111111
1367 2789 1608 2841 gemmidii-

78 2866 266 2924 ferorum
298 2864 480 2906 sustinet
510 2863 612 2918 (Ay.
643 2863 667 2903 l.
689 2862 886 2915 castae).
949 2859 1044 2899 Fila
1075 2856 1240 2900 sterilia
1271 2855 1463 2897 fasciculi
1496 2856 1608 2898 fruc-
