1937 3315
293 185 371 225 164

290 297 420 349 Pleyc.
453 300 586 337 (assir.
616 297 696 337 tab.
727 297 804 350 6¹3)
837 297 1048 338 normales
1079 303 1356 351 generantur.
1401 300 1511 341 Dum
1543 316 1641 342 vero
1673 302 1715 341 in
1748 300 1830 341 De-

289 365 393 405 lisea
436 364 740 417 sphaerosporae
772 365 1031 417 ubicumque
1065 370 1106 406 et
1137 368 1274 420 magis
1308 382 1465 421 sparsae
1498 369 1612 410 inter
1643 368 1715 409 fila
1748 372 1830 410 ste-

289 431 384 472 rilia
418 432 734 473 nematheciosa
765 432 1010 483 obveniant,
1044 438 1144 474 sunt
1176 434 1219 474 in
1241 434 1557 489 l'liacelocarpo
1580 437 1707 477 certis
1729 437 1831 478 locis

289 499 479 540 collectae
524 499 640 540 infra
685 501 951 553 superficiem
991 501 1172 552 fructus,
1207 503 1279 554 qui
1313 517 1481 556 quoque
1513 504 1651 557 magis
1682 503 1830 544 defini-

288 569 377 606 tam
409 566 590 607 formam
623 568 806 620 praebet,
840 568 905 608 his
936 568 1037 610 locis
1069 569 1287 610 fertilibus
1319 571 1441 622 quasi
1463 574 1622 625 cryptae
1645 572 1831 612 forman-

289 638 373 684 tur,
408 638 450 674 et
480 635 553 676 fila
585 635 748 677 fertilia
779 637 894 678 intra
926 637 1003 678 has
1035 653 1060 678 a
1091 638 1256 691 pariete
1288 640 1491 680 exeuntia
1522 642 1715 681 centrum
1740 654 1831 680 ver-

288 717 358 744 sus
403 704 512 746 fiunt
557 706 873 759 convergentia.
935 706 978 747 Si
1010 707 1239 748 sectionem
1271 707 1632 760 longitudinalem
1664 707 1830 749 fructus

280 772 465 825 junioris
505 773 690 815 feliciter
727 774 901 815 ductam
934 775 1161 816 observare
1194 776 1436 829 contigerit,
1470 775 1681 829 adpareat
1712 775 1830 817 filum

287 840 399 882 axile
446 841 610 883 frondis
655 842 755 895 (Ay.
788 844 867 884 tab.
901 843 1081 885 XXIII.
1103 845 1178 897 fly.
1212 846 1258 897 6)
1305 859 1472 898 quoque
1505 845 1830 898 sporocai·pium

287 910 465 959 intrare,
498 914 541 952 et
572 912 704 952 ramis
751 912 837 952 suis
879 916 1123 953 extrorsum
1155 913 1428 954 radiantibus
1459 912 1829 953 ramoso-fascicu-

286 977 387 1018 latis
418 978 602 1021 minores
634 980 677 1020 in
711 980 934 1034 superficie
965 981 1133 1022 fructus
1164 981 1351 1022 formare
1374 981 1708 1034 proeminentias
1729 980 1828 1033 (Ay.

286 1047 310 1087 l.
343 1062 375 1087 (κ
397 1047 482 1100 fay.
515 1048 578 1101 7),·
624 1047 699 1099 qui
747 1062 845 1089 vero
891 1062 941 1089 ex
974 1049 1040 1089 his
1072 1049 1204 1089 ramis
1234 1052 1392 1090 exeunt
1423 1048 1581 1089 ramuli
1614 1047 1830 1097 laterales,

286 1114 394 1154 fiunt
426 1115 638 1155 arcuatim
670 1114 815 1155 inflexi
847 1120 889 1156 et
922 1115 1288 1156 transformantur
1319 1116 1362 1156 111
1394 1115 1731 1170 sphaerosporas,
1769 1116 1830 1156 ita

286 1183 400 1223 inter
431 1181 657 1223 fasciculos
689 1182 858 1224 steriles
891 1186 1051 1236 cryptae
1083 1182 1249 1224 fertiles
1270 1183 1482 1233 oriuntur,
1505 1184 1628 1235 quasi
1650 1184 1829 1224 circum-

287 1251 399 1291 circa
447 1250 644 1291 limitatae
690 1250 771 1291 filis
818 1250 1081 1291 fasciculatis
1113 1250 1343 1291 sterilibus.
1406 1250 1498 1291 Fila
1529 1251 1691 1292 fertilia
1722 1252 1830 1292 fiunt

287 1319 444 1359 sensim
491 1319 935 1369 clavato-incrassata,
984 1319 1324 1372 sphaerosporam
1361 1318 1619 1360 conformem
1651 1323 1726 1359 aut
1758 1319 1829 1359 de-

286 1401 402 1427 mum
434 1387 573 1439 magis
605 1386 782 1435 ovalem,
817 1387 1003 1428 zonatim
1032 1387 1212 1428 divisam
1235 1387 1554 1428 constituentia.
1596 1386 1685 1428 Hoc
1706 1386 1830 1428 modo

286 1455 427 1496 dicere
473 1455 561 1496 fere
607 1455 759 1496 liceret
804 1459 943 1495 totum
989 1454 1178 1495 fructum
1220 1454 1398 1496 formari
1431 1455 1555 1508 quasi
1585 1454 1668 1495 filis
1699 1453 1830 1495 Calli-

287 1525 604 1575 thamnioideis,
637 1539 820 1578 quorum
855 1524 1013 1564 ramuli
1045 1524 1232 1577 supremi
1265 1522 1445 1574 steriles,
1478 1523 1701 1577 penultimi
1732 1537 1830 1564 vero

286 1592 450 1635 fertiles
495 1594 740 1635 evaderent.
802 1592 862 1633 Ut
891 1592 1099 1646 placentae
1131 1593 1174 1633 in
1205 1591 1354 1633 multis
1385 1592 1661 1645 cystocarpiis
1693 1591 1829 1632 coale-

286 1666 409 1703 scunt
455 1662 859 1703 endochromatibus
907 1660 1219 1702 confluentibus
1257 1660 1524 1701 diversarum
1555 1659 1829 1710 cellularum,

286 1731 348 1771 ita
395 1743 564 1783 quoque
611 1730 655 1770 in
704 1729 978 1783 sporocarpio
1017 1728 1324 1781 Phacelocarpi
1356 1727 1655 1769 fasciculorum
1688 1728 1830 1768 caules

287 1798 456 1839 deinum
502 1798 910 1840 endochromatibus
956 1797 1292 1838 coalescentibus
1326 1796 1591 1838 diversorum
1624 1796 1828 1837 articulo-

286 1881 381 1907 rum
415 1866 671 1907 constitutos
703 1866 804 1915 vidi,
837 1865 1087 1906 membrana
1119 1865 1289 1905 demum
1321 1877 1491 1916 quoque
1513 1864 1703 1905 obsoleta
1725 1864 1828 1916 (Ay.

287 1936 311 1975 l.
344 1949 375 1975 c.
397 1935 473 1987 fig).
504 1937 563 1988 7).
626 1934 691 1975 Ab
737 1934 856 1987 apice
901 1933 1071 1974 demum
1118 1936 1244 1985 rupto
1282 1932 1586 1985 sphaerosporae
1617 1931 1827 1985 elongatae

287 2017 435 2057 sporas
466 2002 735 2055 egredientes
767 2001 866 2042 vidi.

400 2070 449 2111 In
490 2070 696 2123 exemplis
728 2084 860 2122 supra
890 2069 1037 2110 allatis
1070 2075 1168 2110 sunt
1199 2072 1369 2110 tantum
1401 2072 1519 2110 certa
1550 2072 1593 2110 et
1624 2068 1829 2122 pauciora

287 2139 360 2180 fila
405 2139 709 2180 nematheciosi
755 2139 896 2188 strati,
935 2152 1027 2191 quae
1060 2138 1101 2178 in
1133 2137 1450 2190 sphaerosporas
1481 2136 1608 2177 simul
1640 2141 1827 2176 mature-

288 2211 451 2249 scentes
497 2210 824 2255 convertuntur3
871 2207 914 2247 in
950 2207 1016 2247 his
1047 2206 1181 2259 igitur
1215 2205 1516 2258 sphaerosporae
1549 2217 1714 2257 semper
1746 2203 1828 2243 filis

288 2275 508 2317 sterilibus
552 2274 949 2329 (paranematilms)
998 2273 1242 2325 cinguntur.
1319 2272 1426 2313 Sunt
1472 2286 1570 2312 vero
1616 2270 1827 2312 Florideae

288 2342 515 2393 nonnullae,
548 2342 703 2395 quibus
735 2341 927 2382 normale
960 2340 1131 2381 videtur
1163 2355 1243 2380 non
1276 2343 1445 2380 tantum
1476 2339 1620 2379 omnia
1652 2338 1725 2378 fila
1755 2353 1827 2379 ne-

288 2410 489 2452 mathecii
521 2410 613 2451 fieri
646 2409 821 2460 fertilia,
854 2409 927 2450 sed
959 2408 1089 2450 etiam
1121 2408 1164 2449 111
1193 2407 1372 2461 singulis
1394 2407 1603 2460 plurimos
1625 2406 1827 2447 articulos

288 2478 331 2518 in
378 2478 696 2532 sphacrosporas
742 2477 944 2519 converti.
1007 2476 1074 2517 Ita
1106 2475 1393 2517 conformatos
1425 2475 1589 2516 fructus
1621 2475 1665 2515 in
1696 2474 1826 2527 Gym-

286 2561 490 2599 noyongsro
535 2547 683 2591 (Kena.
731 2546 858 2598 Phyle.
891 2546 971 2586 tab.
1006 2549 1069 2595 70,
1101 2545 1181 2596 II.,·
1226 2544 1305 2597 Ay.
1338 2545 1416 2585 tab.
1450 2543 1557 2584 XII.
1578 2543 1653 2595 fiy.
1685 2544 1825 2592 5—7),

290 2615 585 2668 Pltyllopleora,
608 2616 922 2667 Stweoyrcmmm
943 2617 1020 2655 etc.
1045 2607 1244 2654 obvenire
1267 2611 1558 2664 cognovimus3
1590 2609 1826 2652 consimiles

289 2698 458 2736 quoque
505 2684 653 2725 adesse
685 2684 728 2724 in
759 2682 979 2735 Almji‘ltz'cc
1011 2686 1053 2723 et
1084 2681 1368 2722 Melaoztlzalm
1399 2680 1602 2733 suspicor.
1662 2677 1711 2718 In
1742 2677 1825 2719 filis

290 2751 366 2792 hoc
412 2752 535 2793 inodo
573 2751 789 2793 fertilibus
820 2750 995 2790 articuli
1027 2750 1214 2803 supremi
1245 2752 1288 2790 et
1318 2747 1453 2789 infimi
1484 2747 1627 2787 forsan
1659 2760 1825 2799 semper

289 2819 455 2860 steriles
502 2822 689 2867 manent,
721 2817 886 2858 caeteris
918 2817 1135 2857 fertilibus
1165 2816 1254 2857 fere
1286 2815 1431 2856 eodem
1463 2816 1652 2865 tempore
1684 2816 1823 2854 matu-

291 2887 566 2927 rescentibus.
628 2884 982 2937 Quandoquidem
1029 2885 1235 2937 majorem
1280 2887 1446 2936 partem
1494 2881 1747 2922 neinathecii
1781 2882 1823 2922 111
