<?xml version="1.0" encoding="UTF-8"?>
<!DOCTYPE html PUBLIC "-//W3C//DTD XHTML 1.0 Transitional//EN"
    "http://www.w3.org/TR/xhtml1/DTD/xhtml1-transitional.dtd">
<html xmlns="http://www.w3.org/1999/xhtml" xml:lang="en" lang="en">
 <head>
  <title>
</title>
<meta http-equiv="Content-Type" content="text/html;charset=utf-8" />
  <meta name='ocr-system' content='tesseract 3.04.00' />
  <meta name='ocr-capabilities' content='ocr_page ocr_carea ocr_par ocr_line ocrx_word'/>
</head>
<body>
  <div class='ocr_page' id='page_1' title='image "./speciesgeneraeto0302agar_0013.png"; bbox 0 0 1937 3315; ppageno 0'>
   <div class='ocr_carea' id='block_1_1' title="bbox 1280 390 1797 941">
    <p class='ocr_par' dir='ltr' id='par_1_1' title="bbox 1280 390 1797 941">
     <span class='ocr_line' id='line_1_1' title="bbox 1280 390 1797 941; baseline 0 2374"><span class='ocrx_word' id='word_1_1' title='bbox 1280 390 1797 941; x_wconf 95' lang='lat' dir='ltr'> </span> 
     </span>
    </p>
   </div>
   <div class='ocr_carea' id='block_1_2' title="bbox 93 996 1635 2510">
    <p class='ocr_par' dir='ltr' id='par_1_2' title="bbox 93 996 1635 2310">
     <span class='ocr_line' id='line_1_2' title="bbox 95 996 1633 1092; baseline 0.001 -13"><span class='ocrx_word' id='word_1_2' title='bbox 95 996 306 1092; x_wconf 44' lang='lat' dir='ltr'>lxlagna</span> <span class='ocrx_word' id='word_1_3' title='bbox 351 1039 427 1080; x_wconf 86' lang='lat' dir='ltr'>illa</span> <span class='ocrx_word' id='word_1_4' title='bbox 473 1039 723 1092; x_wconf 88' lang='lat' dir='ltr'>plantarum</span> <span class='ocrx_word' id='word_1_5' title='bbox 759 1038 939 1088; x_wconf 86' lang='lat' dir='ltr'>familia,</span> <span class='ocrx_word' id='word_1_6' title='bbox 977 1051 1071 1090; x_wconf 78' lang='lat' dir='ltr'>quae</span> <span class='ocrx_word' id='word_1_7' title='bbox 1102 1038 1270 1078; x_wconf 89' lang='lat' dir='ltr'>nomine</span> <span class='ocrx_word' id='word_1_8' title='bbox 1302 1037 1510 1090; x_wconf 80' lang='lat' dir='ltr'>Algarum</span> <span class='ocrx_word' id='word_1_9' title='bbox 1544 1038 1633 1091; x_wconf 92' lang='lat' dir='ltr'>ple—</span> 
     </span>
     <span class='ocr_line' id='line_1_3' title="bbox 94 1105 1633 1160; baseline 0 -14"><span class='ocrx_word' id='word_1_10' title='bbox 94 1121 272 1159; x_wconf 86' lang='lat' dir='ltr'>rumque</span> <span class='ocrx_word' id='word_1_11' title='bbox 323 1107 711 1160; x_wconf 74' lang='lat' dir='ltr'>comprehenditur,</span> <span class='ocrx_word' id='word_1_12' title='bbox 761 1106 957 1160; x_wconf 84' lang='lat' dir='ltr'>pluribus</span> <span class='ocrx_word' id='word_1_13' title='bbox 1003 1108 1170 1146; x_wconf 87' lang='lat' dir='ltr'>constat</span> <span class='ocrx_word' id='word_1_14' title='bbox 1216 1105 1407 1146; x_wconf 80' lang='lat' dir='ltr'>seriebus</span> <span class='ocrx_word' id='word_1_15' title='bbox 1453 1106 1633 1146; x_wconf 87' lang='lat' dir='ltr'>invicem</span> 
     </span>
     <span class='ocr_line' id='line_1_4' title="bbox 94 1172 1634 1226; baseline -0.001 -13"><span class='ocrx_word' id='word_1_16' title='bbox 94 1173 287 1223; x_wconf 82' lang='lat' dir='ltr'>diversis,</span> <span class='ocrx_word' id='word_1_17' title='bbox 332 1174 374 1214; x_wconf 90' lang='lat' dir='ltr'>in</span> <span class='ocrx_word' id='word_1_18' title='bbox 421 1174 575 1225; x_wconf 79' lang='lat' dir='ltr'>quibus</span> <span class='ocrx_word' id='word_1_19' title='bbox 613 1173 792 1226; x_wconf 81' lang='lat' dir='ltr'>singulis</span> <span class='ocrx_word' id='word_1_20' title='bbox 823 1173 969 1214; x_wconf 76' lang='lat' dir='ltr'>formae</span> <span class='ocrx_word' id='word_1_21' title='bbox 1002 1187 1026 1212; x_wconf 91' lang='lat' dir='ltr'>a</span> <span class='ocrx_word' id='word_1_22' title='bbox 1059 1172 1390 1225; x_wconf 80' lang='lat' dir='ltr'>simplicioribus</span> <span class='ocrx_word' id='word_1_23' title='bbox 1421 1175 1464 1213; x_wconf 90' lang='lat' dir='ltr'>et</span> <span class='ocrx_word' id='word_1_24' title='bbox 1495 1172 1634 1213; x_wconf 87' lang='lat' dir='ltr'>minus</span> 
     </span>
     <span class='ocr_line' id='line_1_5' title="bbox 93 1239 1635 1294; baseline -0.001 -13"><span class='ocrx_word' id='word_1_25' title='bbox 93 1240 294 1294; x_wconf 86' lang='lat' dir='ltr'>perfectis</span> <span class='ocrx_word' id='word_1_26' title='bbox 339 1240 393 1281; x_wconf 84' lang='lat' dir='ltr'>ad</span> <span class='ocrx_word' id='word_1_27' title='bbox 440 1240 548 1281; x_wconf 89' lang='lat' dir='ltr'>alias</span> <span class='ocrx_word' id='word_1_28' title='bbox 594 1240 835 1281; x_wconf 85' lang='lat' dir='ltr'>evolutione</span> <span class='ocrx_word' id='word_1_29' title='bbox 881 1240 1122 1293; x_wconf 84' lang='lat' dir='ltr'>superiores</span> <span class='ocrx_word' id='word_1_30' title='bbox 1160 1240 1315 1280; x_wconf 88' lang='lat' dir='ltr'>sensim</span> <span class='ocrx_word' id='word_1_31' title='bbox 1353 1239 1635 1280; x_wconf 90' lang='lat' dir='ltr'>adscendunt.</span> 
     </span>
     <span class='ocr_line' id='line_1_6' title="bbox 94 1307 1635 1361; baseline 0 -14"><span class='ocrx_word' id='word_1_32' title='bbox 94 1307 174 1357; x_wconf 78' lang='lat' dir='ltr'>Qui</span> <span class='ocrx_word' id='word_1_33' title='bbox 222 1322 320 1349; x_wconf 88' lang='lat' dir='ltr'>vero</span> <span class='ocrx_word' id='word_1_34' title='bbox 356 1309 398 1348; x_wconf 93' lang='lat' dir='ltr'>in</span> <span class='ocrx_word' id='word_1_35' title='bbox 436 1308 616 1361; x_wconf 83' lang='lat' dir='ltr'>singulis</span> <span class='ocrx_word' id='word_1_36' title='bbox 654 1308 845 1349; x_wconf 84' lang='lat' dir='ltr'>seriebus</span> <span class='ocrx_word' id='word_1_37' title='bbox 876 1312 976 1348; x_wconf 89' lang='lat' dir='ltr'>sunt</span> <span class='ocrx_word' id='word_1_38' title='bbox 1008 1308 1130 1360; x_wconf 82' lang='lat' dir='ltr'>quasi</span> <span class='ocrx_word' id='word_1_39' title='bbox 1172 1307 1431 1348; x_wconf 88' lang='lat' dir='ltr'>evolutionis</span> <span class='ocrx_word' id='word_1_40' title='bbox 1472 1307 1635 1360; x_wconf 79' lang='lat' dir='ltr'>gradus</span> 
     </span>
     <span class='ocr_line' id='line_1_7' title="bbox 94 1375 1634 1429; baseline -0.001 -13"><span class='ocrx_word' id='word_1_41' title='bbox 94 1379 136 1417; x_wconf 89' lang='lat' dir='ltr'>et</span> <span class='ocrx_word' id='word_1_42' title='bbox 180 1376 307 1426; x_wconf 88' lang='lat' dir='ltr'>modi,</span> <span class='ocrx_word' id='word_1_43' title='bbox 356 1377 399 1416; x_wconf 91' lang='lat' dir='ltr'>hi</span> <span class='ocrx_word' id='word_1_44' title='bbox 444 1389 553 1429; x_wconf 80' lang='lat' dir='ltr'>saepe</span> <span class='ocrx_word' id='word_1_45' title='bbox 599 1376 827 1417; x_wconf 87' lang='lat' dir='ltr'>reveniunt</span> <span class='ocrx_word' id='word_1_46' title='bbox 872 1376 914 1417; x_wconf 91' lang='lat' dir='ltr'>in</span> <span class='ocrx_word' id='word_1_47' title='bbox 955 1376 1052 1416; x_wconf 90' lang='lat' dir='ltr'>aliis</span> <span class='ocrx_word' id='word_1_48' title='bbox 1098 1376 1302 1425; x_wconf 73' lang='lat' dir='ltr'>seriebus,</span> <span class='ocrx_word' id='word_1_49' title='bbox 1354 1378 1398 1416; x_wconf 92' lang='lat' dir='ltr'>et</span> <span class='ocrx_word' id='word_1_50' title='bbox 1443 1375 1505 1415; x_wconf 89' lang='lat' dir='ltr'>ita</span> <span class='ocrx_word' id='word_1_51' title='bbox 1550 1376 1634 1416; x_wconf 91' lang='lat' dir='ltr'>ori-</span> 
     </span>
     <span class='ocr_line' id='line_1_8' title="bbox 94 1442 1635 1497; baseline 0 -14"><span class='ocrx_word' id='word_1_52' title='bbox 94 1447 226 1484; x_wconf 87' lang='lat' dir='ltr'>untur</span> <span class='ocrx_word' id='word_1_53' title='bbox 272 1444 418 1485; x_wconf 66' lang='lat' dir='ltr'>formae</span> <span class='ocrx_word' id='word_1_54' title='bbox 464 1443 777 1496; x_wconf 84' lang='lat' dir='ltr'>quodammodo</span> <span class='ocrx_word' id='word_1_55' title='bbox 824 1444 1031 1497; x_wconf 77' lang='lat' dir='ltr'>analogae,</span> <span class='ocrx_word' id='word_1_56' title='bbox 1079 1457 1174 1497; x_wconf 76' lang='lat' dir='ltr'>quae</span> <span class='ocrx_word' id='word_1_57' title='bbox 1204 1442 1559 1496; x_wconf 63' lang='lat' dir='ltr'>,quandoquidem</span> <span class='ocrx_word' id='word_1_58' title='bbox 1592 1447 1635 1484; x_wconf 91' lang='lat' dir='ltr'>et</span> 
     </span>
     <span class='ocr_line' id='line_1_9' title="bbox 93 1510 1633 1563; baseline 0.001 -13"><span class='ocrx_word' id='word_1_59' title='bbox 93 1510 232 1563; x_wconf 79' lang='lat' dir='ltr'>figura</span> <span class='ocrx_word' id='word_1_60' title='bbox 279 1512 492 1552; x_wconf 77' lang='lat' dir='ltr'>exteriore</span> <span class='ocrx_word' id='word_1_61' title='bbox 539 1515 581 1552; x_wconf 91' lang='lat' dir='ltr'>et</span> <span class='ocrx_word' id='word_1_62' title='bbox 619 1515 840 1552; x_wconf 73' lang='lat' dir='ltr'>structura</span> <span class='ocrx_word' id='word_1_63' title='bbox 879 1526 956 1553; x_wconf 90' lang='lat' dir='ltr'>sua</span> <span class='ocrx_word' id='word_1_64' title='bbox 988 1512 1161 1553; x_wconf 87' lang='lat' dir='ltr'>interna</span> <span class='ocrx_word' id='word_1_65' title='bbox 1192 1512 1255 1552; x_wconf 87' lang='lat' dir='ltr'>ita</span> <span class='ocrx_word' id='word_1_66' title='bbox 1295 1511 1476 1552; x_wconf 91' lang='lat' dir='ltr'>invicem</span> <span class='ocrx_word' id='word_1_67' title='bbox 1519 1511 1633 1552; x_wconf 91' lang='lat' dir='ltr'>simi-</span> 
     </span>
     <span class='ocr_line' id='line_1_10' title="bbox 94 1577 1632 1630; baseline 0.001 -13"><span class='ocrx_word' id='word_1_68' title='bbox 94 1577 154 1617; x_wconf 88' lang='lat' dir='ltr'>les</span> <span class='ocrx_word' id='word_1_69' title='bbox 200 1577 443 1630; x_wconf 85' lang='lat' dir='ltr'>adpareant</span> <span class='ocrx_word' id='word_1_70' title='bbox 489 1582 537 1618; x_wconf 91' lang='lat' dir='ltr'>ut</span> <span class='ocrx_word' id='word_1_71' title='bbox 583 1593 665 1619; x_wconf 88' lang='lat' dir='ltr'>non</span> <span class='ocrx_word' id='word_1_72' title='bbox 698 1582 865 1619; x_wconf 86' lang='lat' dir='ltr'>tantum</span> <span class='ocrx_word' id='word_1_73' title='bbox 897 1579 997 1619; x_wconf 90' lang='lat' dir='ltr'>olim</span> <span class='ocrx_word' id='word_1_74' title='bbox 1030 1579 1103 1619; x_wconf 89' lang='lat' dir='ltr'>sed</span> <span class='ocrx_word' id='word_1_75' title='bbox 1134 1579 1265 1619; x_wconf 89' lang='lat' dir='ltr'>etiam</span> <span class='ocrx_word' id='word_1_76' title='bbox 1298 1578 1422 1619; x_wconf 91' lang='lat' dir='ltr'>hodie</span> <span class='ocrx_word' id='word_1_77' title='bbox 1453 1579 1632 1619; x_wconf 91' lang='lat' dir='ltr'>invicem</span> 
     </span>
     <span class='ocr_line' id='line_1_11' title="bbox 94 1644 1633 1698; baseline 0.001 -13"><span class='ocrx_word' id='word_1_78' title='bbox 94 1644 244 1686; x_wconf 82' lang='lat' dir='ltr'>affines</span> <span class='ocrx_word' id='word_1_79' title='bbox 276 1646 555 1686; x_wconf 72' lang='lat' dir='ltr'>consideratae</span> <span class='ocrx_word' id='word_1_80' title='bbox 588 1646 762 1687; x_wconf 88' lang='lat' dir='ltr'>fuerint.</span> <span class='ocrx_word' id='word_1_81' title='bbox 810 1646 877 1687; x_wconf 91' lang='lat' dir='ltr'>Ita</span> <span class='ocrx_word' id='word_1_82' title='bbox 908 1646 1163 1687; x_wconf 68' lang='lat' dir='ltr'>Amansiam</span> <span class='ocrx_word' id='word_1_83' title='bbox 1194 1646 1229 1686; x_wconf 56' lang='grc' dir='ltr'><strong>ὦ</strong></span> <span class='ocrx_word' id='word_1_84' title='bbox 1262 1645 1507 1698; x_wconf 69' lang='lat' dir='ltr'>Dietyotam</span> <span class='ocrx_word' id='word_1_85' title='bbox 1536 1660 1633 1698; x_wconf 92' lang='lat' dir='ltr'>pro-</span> 
     </span>
     <span class='ocr_line' id='line_1_12' title="bbox 94 1713 1632 1767; baseline 0.001 -15"><span class='ocrx_word' id='word_1_86' title='bbox 94 1713 231 1753; x_wconf 85' lang='lat' dir='ltr'>ximas</span> <span class='ocrx_word' id='word_1_87' title='bbox 271 1713 313 1753; x_wconf 92' lang='lat' dir='ltr'>in</span> <span class='ocrx_word' id='word_1_88' title='bbox 345 1717 574 1767; x_wconf 72' lang='lat' dir='ltr'>systemate</span> <span class='ocrx_word' id='word_1_89' title='bbox 608 1714 749 1766; x_wconf 82' lang='lat' dir='ltr'>posuit</span> <span class='ocrx_word' id='word_1_90' title='bbox 784 1714 1072 1763; x_wconf 72' lang='lat' dir='ltr'>Lamouroux3</span> <span class='ocrx_word' id='word_1_91' title='bbox 1120 1714 1161 1754; x_wconf 93' lang='lat' dir='ltr'>in</span> <span class='ocrx_word' id='word_1_92' title='bbox 1193 1713 1358 1755; x_wconf 85' lang='lat' dir='ltr'>Genere</span> <span class='ocrx_word' id='word_1_93' title='bbox 1390 1714 1632 1765; x_wconf 70' lang='lat' dir='ltr'>IVIesoyloice</span> 
     </span>
     <span class='ocr_line' id='line_1_13' title="bbox 94 1781 1634 1835; baseline 0 -14"><span class='ocrx_word' id='word_1_94' title='bbox 94 1785 136 1821; x_wconf 90' lang='lat' dir='ltr'>et</span> <span class='ocrx_word' id='word_1_95' title='bbox 175 1781 654 1822; x_wconf 68' lang='lat' dir='ltr'>Helmmthoeladiaceas</span> <span class='ocrx_word' id='word_1_96' title='bbox 685 1786 727 1821; x_wconf 89' lang='lat' dir='ltr'>et</span> <span class='ocrx_word' id='word_1_97' title='bbox 758 1781 1042 1822; x_wconf 71' lang='lat' dir='ltr'>Cleorslarieas</span> <span class='ocrx_word' id='word_1_98' title='bbox 1087 1782 1248 1835; x_wconf 82' lang='lat' dir='ltr'>recepit</span> <span class='ocrx_word' id='word_1_99' title='bbox 1278 1782 1323 1822; x_wconf 75' lang='lat' dir='ltr'>G.</span> <span class='ocrx_word' id='word_1_100' title='bbox 1354 1781 1401 1821; x_wconf 90' lang='lat' dir='ltr'>A.</span> <span class='ocrx_word' id='word_1_101' title='bbox 1436 1781 1634 1834; x_wconf 80' lang='lat' dir='ltr'>Agardh3</span> 
     </span>
     <span class='ocr_line' id='line_1_14' title="bbox 94 1848 1634 1901; baseline 0.001 -13"><span class='ocrx_word' id='word_1_102' title='bbox 94 1848 158 1888; x_wconf 90' lang='lat' dir='ltr'>his</span> <span class='ocrx_word' id='word_1_103' title='bbox 180 1852 400 1889; x_wconf 78' lang='lat' dir='ltr'>structura</span> <span class='ocrx_word' id='word_1_104' title='bbox 423 1848 738 1900; x_wconf 81' lang='lat' dir='ltr'>quodammodo</span> <span class='ocrx_word' id='word_1_105' title='bbox 761 1849 1059 1890; x_wconf 88' lang='lat' dir='ltr'>convenientes</span> <span class='ocrx_word' id='word_1_106' title='bbox 1080 1849 1516 1901; x_wconf 64' lang='lat' dir='ltr'>Batrachospmmeas</span> <span class='ocrx_word' id='word_1_107' title='bbox 1533 1848 1634 1889; x_wconf 75' lang='lat' dir='ltr'>Hel-</span> 
     </span>
     <span class='ocr_line' id='line_1_15' title="bbox 94 1916 1634 1970; baseline -0.001 -14"><span class='ocrx_word' id='word_1_108' title='bbox 94 1916 474 1958; x_wconf 14' lang='lat' dir='ltr'>msz&#39;ofatlewoelaclzssac&lt;»is</span> <span class='ocrx_word' id='word_1_109' title='bbox 526 1916 743 1957; x_wconf 85' lang='lat' dir='ltr'>hodiernis</span> <span class='ocrx_word' id='word_1_110' title='bbox 788 1916 1003 1957; x_wconf 84' lang='lat' dir='ltr'>affinitate</span> <span class='ocrx_word' id='word_1_111' title='bbox 1056 1930 1227 1968; x_wconf 86' lang='lat' dir='ltr'>quoque</span> <span class='ocrx_word' id='word_1_112' title='bbox 1279 1916 1497 1970; x_wconf 80' lang='lat' dir='ltr'>proximas</span> <span class='ocrx_word' id='word_1_113' title='bbox 1543 1929 1634 1956; x_wconf 92' lang='lat' dir='ltr'>esse</span> 
     </span>
     <span class='ocr_line' id='line_1_16' title="bbox 95 1982 1634 2037; baseline 0.001 -14"><span class='ocrx_word' id='word_1_114' title='bbox 95 1985 251 2025; x_wconf 75' lang='lat' dir='ltr'>statuit</span> <span class='ocrx_word' id='word_1_115' title='bbox 296 1984 473 2025; x_wconf 88' lang='lat' dir='ltr'>Thuret.</span> <span class='ocrx_word' id='word_1_116' title='bbox 534 1984 780 2037; x_wconf 77' lang='lat' dir='ltr'>Aliquando</span> <span class='ocrx_word' id='word_1_117' title='bbox 826 1998 994 2037; x_wconf 88' lang='lat' dir='ltr'>quoque</span> <span class='ocrx_word' id='word_1_118' title='bbox 1040 1984 1198 2033; x_wconf 77' lang='lat' dir='ltr'>formae,</span> <span class='ocrx_word' id='word_1_119' title='bbox 1246 1983 1459 2025; x_wconf 84' lang='lat' dir='ltr'>affinitate</span> <span class='ocrx_word' id='word_1_120' title='bbox 1497 1982 1634 2024; x_wconf 89' lang='lat' dir='ltr'>multo</span> 
     </span>
     <span class='ocr_line' id='line_1_17' title="bbox 95 2049 1635 2105; baseline -0.001 -14"><span class='ocrx_word' id='word_1_121' title='bbox 95 2052 231 2104; x_wconf 79' lang='lat' dir='ltr'>magis</span> <span class='ocrx_word' id='word_1_122' title='bbox 277 2051 501 2102; x_wconf 84' lang='lat' dir='ltr'>distantes,</span> <span class='ocrx_word' id='word_1_123' title='bbox 553 2056 669 2092; x_wconf 87' lang='lat' dir='ltr'>certo</span> <span class='ocrx_word' id='word_1_124' title='bbox 715 2051 900 2104; x_wconf 81' lang='lat' dir='ltr'>quodam</span> <span class='ocrx_word' id='word_1_125' title='bbox 946 2055 1143 2105; x_wconf 90' lang='lat' dir='ltr'>respectu</span> <span class='ocrx_word' id='word_1_126' title='bbox 1181 2052 1402 2104; x_wconf 72' lang='lat' dir='ltr'>analogias</span> <span class='ocrx_word' id='word_1_127' title='bbox 1448 2049 1635 2092; x_wconf 86' lang='lat' dir='ltr'>offerunt</span> 
     </span>
     <span class='ocr_line' id='line_1_18' title="bbox 94 2118 1631 2173; baseline -0.001 -13"><span class='ocrx_word' id='word_1_128' title='bbox 94 2119 354 2173; x_wconf 36' lang='lat' dir='ltr'>(Vasefarlm-da</span> <span class='ocrx_word' id='word_1_129' title='bbox 389 2122 431 2160; x_wconf 88' lang='lat' dir='ltr'>et</span> <span class='ocrx_word' id='word_1_130' title='bbox 462 2120 770 2173; x_wconf 45' lang='lat' dir='ltr'>Saproleywse&#39;u).</span> <span class='ocrx_word' id='word_1_131' title='bbox 832 2119 881 2159; x_wconf 92' lang='lat' dir='ltr'>In</span> <span class='ocrx_word' id='word_1_132' title='bbox 925 2119 1044 2172; x_wconf 84' lang='lat' dir='ltr'>Algis</span> <span class='ocrx_word' id='word_1_133' title='bbox 1081 2119 1218 2159; x_wconf 89' lang='lat' dir='ltr'>multa</span> <span class='ocrx_word' id='word_1_134' title='bbox 1250 2118 1446 2172; x_wconf 84' lang='lat' dir='ltr'>exempla</span> <span class='ocrx_word' id='word_1_135' title='bbox 1478 2118 1631 2159; x_wconf 91' lang='lat' dir='ltr'>docent</span> 
     </span>
     <span class='ocr_line' id='line_1_19' title="bbox 95 2186 1631 2241; baseline -0.001 -13"><span class='ocrx_word' id='word_1_136' title='bbox 95 2187 253 2228; x_wconf 88' lang='lat' dir='ltr'>formas</span> <span class='ocrx_word' id='word_1_137' title='bbox 285 2187 602 2241; x_wconf 82' lang='lat' dir='ltr'>morphologico</span> <span class='ocrx_word' id='word_1_138' title='bbox 634 2192 831 2241; x_wconf 87' lang='lat' dir='ltr'>respectu</span> <span class='ocrx_word' id='word_1_139' title='bbox 864 2188 1024 2229; x_wconf 87' lang='lat' dir='ltr'>similes</span> <span class='ocrx_word' id='word_1_140' title='bbox 1054 2189 1263 2229; x_wconf 90' lang='lat' dir='ltr'>tamenin</span> <span class='ocrx_word' id='word_1_141' title='bbox 1288 2190 1519 2241; x_wconf 82' lang='lat' dir='ltr'>systemate</span> <span class='ocrx_word' id='word_1_142' title='bbox 1541 2186 1631 2227; x_wconf 91' lang='lat' dir='ltr'>lon-</span> 
     </span>
     <span class='ocr_line' id='line_1_20' title="bbox 97 2255 642 2310; baseline 0.004 -15"><span class='ocrx_word' id='word_1_143' title='bbox 97 2255 192 2308; x_wconf 83' lang='lat' dir='ltr'>gius</span> <span class='ocrx_word' id='word_1_144' title='bbox 222 2255 384 2296; x_wconf 85' lang='lat' dir='ltr'>distare</span> <span class='ocrx_word' id='word_1_145' title='bbox 415 2255 569 2297; x_wconf 90' lang='lat' dir='ltr'>debere</span> <span class='ocrx_word' id='word_1_146' title='bbox 588 2255 642 2310; x_wconf 69' lang='lat'><strong>²¹⁴).</strong></span> 
     </span>
    </p>

    <p class='ocr_par' dir='ltr' id='par_1_3' title="bbox 97 2322 1632 2510">
     <span class='ocr_line' id='line_1_21' title="bbox 208 2322 1632 2376; baseline -0.002 -12"><span class='ocrx_word' id='word_1_147' title='bbox 208 2323 372 2364; x_wconf 83' lang='lat' dir='ltr'>Formae</span> <span class='ocrx_word' id='word_1_148' title='bbox 419 2337 513 2376; x_wconf 78' lang='lat' dir='ltr'>quae</span> <span class='ocrx_word' id='word_1_149' title='bbox 560 2327 636 2364; x_wconf 89' lang='lat' dir='ltr'>aut</span> <span class='ocrx_word' id='word_1_150' title='bbox 682 2323 958 2376; x_wconf 83' lang='lat' dir='ltr'>simplicitate</span> <span class='ocrx_word' id='word_1_151' title='bbox 1003 2327 1079 2363; x_wconf 86' lang='lat' dir='ltr'>aut</span> <span class='ocrx_word' id='word_1_152' title='bbox 1124 2322 1450 2375; x_wconf 82' lang='lat' dir='ltr'>complicatione</span> <span class='ocrx_word' id='word_1_153' title='bbox 1494 2324 1632 2361; x_wconf 88' lang='lat' dir='ltr'>struc-</span> 
     </span>
     <span class='ocr_line' id='line_1_22' title="bbox 98 2388 1629 2443; baseline -0.003 -12"><span class='ocrx_word' id='word_1_154' title='bbox 98 2394 205 2431; x_wconf 69' lang='lat' dir='ltr'>tur-a¹</span> <span class='ocrx_word' id='word_1_155' title='bbox 253 2394 352 2431; x_wconf 88' lang='lat' dir='ltr'>sunt</span> <span class='ocrx_word' id='word_1_156' title='bbox 398 2391 521 2443; x_wconf 84' lang='lat' dir='ltr'>quasi</span> <span class='ocrx_word' id='word_1_157' title='bbox 569 2394 785 2441; x_wconf 72' lang='lat' dir='ltr'>extremae,</span> <span class='ocrx_word' id='word_1_158' title='bbox 832 2390 1086 2431; x_wconf 90' lang='lat' dir='ltr'>evolutionis</span> <span class='ocrx_word' id='word_1_159' title='bbox 1132 2390 1271 2443; x_wconf 77' lang='lat' dir='ltr'>gradu</span> <span class='ocrx_word' id='word_1_160' title='bbox 1303 2389 1533 2430; x_wconf 83' lang='lat' dir='ltr'>admodum</span> <span class='ocrx_word' id='word_1_161' title='bbox 1565 2388 1629 2428; x_wconf 90' lang='lat' dir='ltr'>di-</span> 
     </span>
     <span class='ocr_line' id='line_1_23' title="bbox 97 2455 1630 2510; baseline -0.002 -12"><span class='ocrx_word' id='word_1_162' title='bbox 97 2472 218 2498; x_wconf 88' lang='lat' dir='ltr'>verso</span> <span class='ocrx_word' id='word_1_163' title='bbox 264 2458 306 2498; x_wconf 91' lang='lat' dir='ltr'>in</span> <span class='ocrx_word' id='word_1_164' title='bbox 351 2458 530 2499; x_wconf 89' lang='lat' dir='ltr'>diversis</span> <span class='ocrx_word' id='word_1_165' title='bbox 569 2458 759 2498; x_wconf 85' lang='lat' dir='ltr'>seriebus</span> <span class='ocrx_word' id='word_1_166' title='bbox 797 2459 1095 2499; x_wconf 90' lang='lat' dir='ltr'>constiterunt.</span> <span class='ocrx_word' id='word_1_167' title='bbox 1155 2457 1276 2498; x_wconf 85' lang='lat' dir='ltr'>Inter</span> <span class='ocrx_word' id='word_1_168' title='bbox 1309 2457 1442 2510; x_wconf 83' lang='lat' dir='ltr'>Algas</span> <span class='ocrx_word' id='word_1_169' title='bbox 1474 2455 1630 2496; x_wconf 88' lang='lat' dir='ltr'>virides</span> 
     </span>
    </p>
   </div>
   <div class='ocr_carea' id='block_1_3' title="bbox 97 2591 1632 2918">
    <p class='ocr_par' dir='ltr' id='par_1_4' title="bbox 97 2591 1632 2918">
     <span class='ocr_line' id='line_1_24' title="bbox 189 2591 1629 2637; baseline 0 -11"><span class='ocrx_word' id='word_1_170' title='bbox 189 2594 221 2637; x_wconf 62' lang='lat'>²⁸)</span> <span class='ocrx_word' id='word_1_171' title='bbox 248 2593 366 2636; x_wconf 78' lang='lat' dir='ltr'>Quum</span> <span class='ocrx_word' id='word_1_172' title='bbox 393 2594 435 2626; x_wconf 83' lang='lat' dir='ltr'>A.</span> <span class='ocrx_word' id='word_1_173' title='bbox 464 2593 587 2625; x_wconf 83' lang='lat' dir='ltr'>Braun</span> <span class='ocrx_word' id='word_1_174' title='bbox 613 2592 737 2635; x_wconf 79' lang='lat' dir='ltr'><em>(Mohl</em></span> <span class='ocrx_word' id='word_1_175' title='bbox 762 2593 846 2627; x_wconf 82' lang='lat' dir='ltr'>Bot.</span> <span class='ocrx_word' id='word_1_176' title='bbox 875 2593 965 2627; x_wconf 72' lang='lat' dir='ltr'>Zez‘t.</span> <span class='ocrx_word' id='word_1_177' title='bbox 993 2595 1086 2628; x_wconf 78' lang='lat'><em>1875</em></span> <span class='ocrx_word' id='word_1_178' title='bbox 1106 2605 1146 2637; x_wconf 73' lang='lat'>1).</span> <span class='ocrx_word' id='word_1_179' title='bbox 1173 2595 1264 2636; x_wconf 77' lang='lat'><em>210)</em></span> <span class='ocrx_word' id='word_1_180' title='bbox 1288 2593 1417 2636; x_wconf 85' lang='lat' dir='ltr'>plures</span> <span class='ocrx_word' id='word_1_181' title='bbox 1444 2591 1483 2625; x_wconf 92' lang='lat' dir='ltr'>in</span> <span class='ocrx_word' id='word_1_182' title='bbox 1509 2595 1629 2635; x_wconf 80' lang='lat' dir='ltr'>syste-</span> 
     </span>
     <span class='ocr_line' id='line_1_25' title="bbox 97 2649 1631 2694; baseline -0.001 -9"><span class='ocrx_word' id='word_1_183' title='bbox 97 2651 235 2685; x_wconf 80' lang='lat' dir='ltr'>matica</span> <span class='ocrx_word' id='word_1_184' title='bbox 271 2649 518 2694; x_wconf 85' lang='lat' dir='ltr'>dispositione</span> <span class='ocrx_word' id='word_1_185' title='bbox 550 2650 763 2693; x_wconf 84' lang='lat' dir='ltr'>plantarum</span> <span class='ocrx_word' id='word_1_186' title='bbox 791 2650 1011 2685; x_wconf 81' lang='lat' dir='ltr'>inferiorum</span> <span class='ocrx_word' id='word_1_187' title='bbox 1037 2651 1266 2684; x_wconf 84' lang='lat' dir='ltr'>mutationes</span> <span class='ocrx_word' id='word_1_188' title='bbox 1293 2649 1486 2683; x_wconf 84' lang='lat' dir='ltr'>recentius</span> <span class='ocrx_word' id='word_1_189' title='bbox 1512 2649 1631 2684; x_wconf 85' lang='lat' dir='ltr'>factas</span> 
     </span>
     <span class='ocr_line' id='line_1_26' title="bbox 99 2705 1632 2751; baseline -0.003 -9"><span class='ocrx_word' id='word_1_190' title='bbox 99 2707 332 2751; x_wconf 68' lang='lat' dir='ltr'>reprobavit,</span> <span class='ocrx_word' id='word_1_191' title='bbox 360 2706 518 2747; x_wconf 74' lang='lat' dir='ltr'>insistit,</span> <span class='ocrx_word' id='word_1_192' title='bbox 547 2706 576 2739; x_wconf 86' lang='lat' dir='ltr'>si</span> <span class='ocrx_word' id='word_1_193' title='bbox 603 2706 693 2748; x_wconf 88' lang='lat' dir='ltr'>quid</span> <span class='ocrx_word' id='word_1_194' title='bbox 719 2707 840 2741; x_wconf 88' lang='lat' dir='ltr'>video.</span> <span class='ocrx_word' id='word_1_195' title='bbox 867 2706 1080 2751; x_wconf 83' lang='lat' dir='ltr'>principiis,</span> <span class='ocrx_word' id='word_1_196' title='bbox 1107 2707 1242 2749; x_wconf 83' lang='lat' dir='ltr'>quibus</span> <span class='ocrx_word' id='word_1_197' title='bbox 1265 2705 1484 2749; x_wconf 78' lang='lat' dir='ltr'>jamdudam</span> <span class='ocrx_word' id='word_1_198' title='bbox 1510 2706 1632 2739; x_wconf 86' lang='lat' dir='ltr'>credi-</span> 
     </span>
     <span class='ocr_line' id='line_1_27' title="bbox 98 2763 1630 2808; baseline -0.001 -9"><span class='ocrx_word' id='word_1_199' title='bbox 98 2766 237 2799; x_wconf 88' lang='lat' dir='ltr'>derunt</span> <span class='ocrx_word' id='word_1_200' title='bbox 263 2767 428 2808; x_wconf 86' lang='lat' dir='ltr'>systema</span> <span class='ocrx_word' id='word_1_201' title='bbox 454 2764 625 2796; x_wconf 85' lang='lat' dir='ltr'>naturale</span> <span class='ocrx_word' id='word_1_202' title='bbox 652 2764 761 2797; x_wconf 86' lang='lat' dir='ltr'>condi</span> <span class='ocrx_word' id='word_1_203' title='bbox 788 2764 940 2798; x_wconf 87' lang='lat' dir='ltr'>debere.</span> <span class='ocrx_word' id='word_1_204' title='bbox 983 2764 1019 2797; x_wconf 83' lang='lat' dir='ltr'>Si</span> <span class='ocrx_word' id='word_1_205' title='bbox 1046 2763 1265 2806; x_wconf 80' lang='lat' dir='ltr'>affinitates,</span> <span class='ocrx_word' id='word_1_206' title='bbox 1293 2766 1470 2796; x_wconf 83' lang='lat' dir='ltr'>monente</span> <span class='ocrx_word' id='word_1_207' title='bbox 1490 2763 1630 2805; x_wconf 87' lang='lat' dir='ltr'>Braun,</span> 
     </span>
     <span class='ocr_line' id='line_1_28' title="bbox 100 2818 1631 2865; baseline -0.001 -10"><span class='ocrx_word' id='word_1_208' title='bbox 100 2834 145 2855; x_wconf 84' lang='lat' dir='ltr'>ex</span> <span class='ocrx_word' id='word_1_209' title='bbox 170 2820 404 2865; x_wconf 77' lang='lat' dir='ltr'>proprietate</span> <span class='ocrx_word' id='word_1_210' title='bbox 442 2819 600 2862; x_wconf 79' lang='lat' dir='ltr'>quadam</span> <span class='ocrx_word' id='word_1_211' title='bbox 640 2820 820 2862; x_wconf 83' lang='lat' dir='ltr'>peculiari</span> <span class='ocrx_word' id='word_1_212' title='bbox 846 2819 1152 2854; x_wconf 85' lang='lat' dir='ltr'>fructificationis</span> <span class='ocrx_word' id='word_1_213' title='bbox 1180 2819 1278 2852; x_wconf 87' lang='lat' dir='ltr'>haud</span> <span class='ocrx_word' id='word_1_214' title='bbox 1311 2818 1497 2852; x_wconf 87' lang='lat' dir='ltr'>deducere</span> <span class='ocrx_word' id='word_1_215' title='bbox 1526 2819 1631 2863; x_wconf 89' lang='lat' dir='ltr'>licet,</span> 
     </span>
     <span class='ocr_line' id='line_1_29' title="bbox 98 2872 1389 2918; baseline -0.002 -8"><span class='ocrx_word' id='word_1_216' title='bbox 98 2878 217 2911; x_wconf 82' lang='lat' dir='ltr'>multo</span> <span class='ocrx_word' id='word_1_217' title='bbox 243 2876 365 2909; x_wconf 82' lang='lat' dir='ltr'>minus</span> <span class='ocrx_word' id='word_1_218' title='bbox 394 2874 657 2909; x_wconf 81' lang='lat' dir='ltr'>conformitate</span> <span class='ocrx_word' id='word_1_219' title='bbox 685 2876 844 2918; x_wconf 87' lang='lat' dir='ltr'>quadam</span> <span class='ocrx_word' id='word_1_220' title='bbox 871 2875 1099 2911; x_wconf 79' lang='lat' dir='ltr'>evolutionis</span> <span class='ocrx_word' id='word_1_221' title='bbox 1128 2872 1389 2909; x_wconf 54' lang='lat' dir='ltr'>deducanturs</span> 
     </span>
    </p>
   </div>
   <div class='ocr_carea' id='block_1_4' title="bbox 373 2552 490 2555">
    <p class='ocr_par' dir='ltr' id='par_1_5' title="bbox 373 2552 490 2555">
     <span class='ocr_line' id='line_1_30' title="bbox 373 2552 490 2555; baseline 0 0"><span class='ocrx_word' id='word_1_222' title='bbox 373 2552 490 2555; x_wconf 95' lang='lat' dir='ltr'> </span> 
     </span>
    </p>
   </div>
   <div class='ocr_carea' id='block_1_5' title="bbox 1521 2935 1541 2964">
    <p class='ocr_par' dir='ltr' id='par_1_6' title="bbox 1521 2935 1541 2964">
     <span class='ocr_line' id='line_1_31' title="bbox 1521 2935 1541 2964; baseline 0 0"><span class='ocrx_word' id='word_1_223' title='bbox 1521 2935 1541 2964; x_wconf 86' lang='lat'>1</span> 
     </span>
    </p>
   </div>
  </div>
 </body>
</html>
