1937 3315
1518 192 1598 235 ‘283

69 306 384 360 descripserunt
416 311 625 362 quomodo
656 310 891 352 fecundans
924 308 1167 350 ¹substantia
1198 308 1252 349 ad
1284 307 1483 348 cellulam
1516 305 1597 346 fer-

69 374 186 415 tilem
232 378 535 419 transferatur.
603 380 712 428 Quin
759 379 885 420 immo
931 378 1167 419 docuerunt
1213 376 1346 430 aliiss)
1390 374 1598 429 quomodo

70 442 326 495 Vorticellae,
358 445 399 486 in
434 446 587 487 vicinia
620 447 856 499 adparatus
888 444 1192 499 trichophorici
1220 445 1380 498 positae,
1403 443 1598 485 ciliarum

67 525 143 564 ope
190 513 370 554 vortices
414 513 456 554 in
501 514 610 554 mari
650 520 840 567 agerent‚
873 514 1027 567 quibus
1059 512 1311 566 corpuscula
1342 527 1417 565 per
1448 526 1490 553 se
1522 512 1598 552 im-

67 579 240 621 mobilia
284 581 626 623 antheridiorum
672 581 726 622 ad
773 582 969 623 viciniam
1016 582 1287 634 trichogynes
1324 583 1597 633 cogerentur3

66 647 275 699 quomodo
306 648 454 701 igitur,
486 662 561 701 ope
584 648 847 689 Insectorum
870 649 913 689 111
935 648 1082 689 multis
1105 648 1452 700 I‘hanerogamis,
1475 648 1599 688 mlius

64 713 180 755 floris
224 715 365 768 pollen
411 716 772 757 transferreretur
818 716 871 756 ad
918 716 1125 768 pistillum
1163 715 1344 757 alterius
1375 715 1504 765 floris,
1537 715 1598 755 ita

65 796 231 835 quoque
276 783 319 824 in
367 783 572 826 Florideis
618 783 871 838 corpuscula
916 784 1271 834 antheridioruni,
1309 798 1402 836 qute
1439 784 1481 824 in
1514 798 1598 824 11110

63 854 324 903 generantur
354 852 585 900 individuo,
618 852 673 893 ad
710 852 967 905 adparatum
1006 852 1369 905 triehophorieum
1401 851 1598 894 foeminei

62 917 271 959 individui
302 923 473 972 possent
505 919 747 960 transferri.

174 986 311 1035 Quum
357 1001 455 1028 vero
492 988 554 1029 ita
584 988 626 1028 in
658 987 849 1029 diversas
881 986 1043 1028 abeant
1074 986 1310 1027 sententias
1343 987 1385 1037 ii,
1417 1001 1595 1040 quorum

63 1068 225 1094 summa
256 1059 321 1095 est
351 1055 600 1098 auctoritas,
634 1069 764 1108 quum
796 1069 964 1108 quoque
996 1055 1039 1094 in
1069 1057 1368 1107 argumentum
1391 1054 1597 1095 doctrina)

61 1122 287 1174 propositae
320 1123 501 1176 quisque
534 1124 619 1164 suis
657 1123 842 1177 propriis
879 1123 1051 1163 insistat
1090 1121 1469 1171 observationibus,
1502 1137 1596 1174 ‹111ae

62 1189 114 1230 ab
160 1190 211 1231 iis
255 1191 599 1233 antecedentium
647 1206 756 1245 saepe
801 1192 971 1233 omnino
1016 1191 1059 1232 in
1099 1190 1363 1232 contrarium
1401 1190 1595 1240 tendunt,

60 1258 165 1298 mihi
196 1258 402 1311 adparuit
433 1261 574 1301 omnia
606 1276 668 1311 ea,
700 1275 793 1315 quae
817 1261 868 1303 de
890 1259 1182 1302 functionibus
1204 1273 1461 1311 organorum
1486 1260 1597 1300 frue-

60 1326 306 1368 tificationis
352 1328 396 1369 in
442 1327 650 1370 Florideis
697 1329 948 1379 docuerunt,
981 1329 1145 1369 incerta
1175 1330 1218 1369 et
1250 1327 1368 1368 novis
1398 1327 1597 1369 observa-

60 1395 246 1436 tionibus
290 1396 512 1449 probanda
557 1397 821 1438 considerari
869 1396 1038 1438 debere.
1100 1395 1142 1436 Si
1173 1395 1285 1436 enim
1316 1395 1359 1436 in
1390 1395 1598 1448 ejusmodi

60 1477 105 1504 re
151 1477 295 1504 verum
337 1463 598 1516 judicaveris
646 1465 758 1518 quod
791 1465 879 1506 veri
911 1464 1048 1505 simile
1081 1463 1291 1513 videatur,
1323 1463 1389 1505 vel
1421 1464 1472 1504 ob
1506 1464 1597 1517 ejus

61 1531 133 1584 qui
178 1530 472 1573 observaverit
517 1547 716 1586 magnam
755 1533 1071 1582 auctoritatem,
1104 1531 1169 1573 vel
1201 1531 1253 1573 ob
1285 1531 1370 1572 alia
1401 1531 1596 1584 quaedam

59 1599 369 1640 observationis
408 1600 728 1653 fraginentariae
760 1605 835 1642 aut
866 1599 1077 1652 analogiae
1109 1599 1279 1646 indicia,
1313 1599 1366 1640 ad
1399 1599 1596 1641 diversis-

60 1667 187 1707 ¹simas
226 1666 445 1719 opiniones
484 1667 654 1708 facilius
692 1668 863 1721 quiden]
895 1668 1154 1721 perveneris.
1214 1667 1282 1708 Ita
1314 1667 1524 1708 Tnummo
1555 1673 1597 1709 et

59 1734 224 1775 Bomm
255 1760 305 1764 -—
339 1736 633 1777 statuentibus
664 1737 1029 1790 cystocarpiorum
1060 1735 1342 1777 evolutionem
1374 1740 1469 1789 post
1500 1750 1596 1789 per-

59 1807 200 1844 actam
245 1802 613 1845 foecundationem
660 1805 723 1845 ita
768 1804 928 1845 lentam
967 1817 1070 1853 esse,
1103 1807 1150 1844 ut·
1181 1803 1286 1844 nulli
1318 1804 1597 1857 persisterent

58 1870 293 1923 adparatus
338 1871 642 1924 t1·ichophoriei
689 1872 731 1913 in
777 1871 1092 1926 speciminibus³
1138 1871 1181 1912 in
1226 1871 1380 1924 quibus
1426 1871 1598 1913 evoluta

59 1938 325 1992 cystocarpia
356 1938 568 1990 adessent,
600 1940 711 1982 unde
743 1941 981 1994 adparatus
1012 1940 1078 1981 illi
1110 1940 1450 1982 foecundationis
1482 1955 1595 1994 quae-

58 2009 256 2047 rerentur
287 2006 329 2046 in
362 2007 665 2060 speciminibus
699 2008 960 2062 adparenter
992 2007 1224 2056 sterilibus,
1246 2007 1489 2048 ——facilius
1521 2008 1596 2049 ad-

59 2088 243 2123 nuerem,
277 2074 317 2114 siv
342 2074 515 2126 quidem
546 2075 658 2117 inter
688 2076 874 2130 plurima
905 2092 930 2118 a
962 2091 1027 2118 me
1059 2076 1113 2117 ad
1146 2076 1249 2117 Lide
1272 2091 1413 2118 mense
1436 2076 1596 2130 Aprilis

59 2141 239 2183 collecta
276 2142 507 2194 specimina
542 2142 703 2197 Dasgyce
734 2145 934 2197 elevantis·
965 2160 1016 2186 ne
1049 2144 1220 2185 unicum
1253 2144 1424 2196 quidem
1457 2144 1597 2186 adfuit

58 2210 333 2264 cystoearpiis
378 2210 661 2263 instructum3
709 2212 832 2266 longe
880 2213 1067 2267 plurima
1114 2216 1190 2254 aut
1235 2213 1489 2254 antheridiis
1521 2217 1595 2254 aut

61 2277 269 2318 stichidiis
300 2277 462 2318 fertilia
494 2278 682 2320 fuerunt.
729 2280 829 2329 Quae
864 2295 961 2322 vero
992 2280 1151 2321 ibidem
1182 2280 1260 2321 sub
1291 2280 1432 2320 aetatis
1455 2295 1596 2321 mense

59 2346 295 2399 posteriore
340 2345 513 2398 collegit
558 2346 602 2388 C.
640 2347 814 2389 Amnon
848 2349 962 2390 haud
995 2363 1132 2401 pauca
1164 2349 1285 2390 video
1318 2349 1596 2402 cysto‹·arpiis

58 2413 253 2468 praedita,
286 2417 330 2454 at
362 2414 574 2466 penicillis
604 2416 791 2456 nondum
824 2417 1058 2469 deperditis
1090 2431 1171 2457 non
1202 2416 1371 2457 omnino
1402 2420 1596 2479 matura3

59 2579 125 2601 san
163 2566 245 2609 quis
284 2567 477 2609 quaereret
503 2576 619 2608 quare
646 2569 683 2598 et
710 2566 894 2608 quodnam
922 2566 966 2599 ad
994 2578 1129 2609 corpus
1156 2566 1394 2600 inhiberetur
1419 2567 1596 2601 anthero-

58 2634 159 2662 zoon,
186 2622 241 2655 ita
265 2625 307 2654 ut
332 2633 406 2654 non
432 2623 609 2663 tangeret
636 2620 902 2665 triohogynen,
927 2624 989 2655 aut
1011 2621 1042 2655 si
1062 2622 1181 2655 adhue
1200 2621 1238 2655 in
1257 2622 1349 2655 mari
1371 2634 1594 2666 suspensum

58 2679 311 2713 antherozoon
348 2677 676 2721 prolongationem
715 2678 922 2719 emitteret,
960 2690 1042 2721 quae
1072 2682 1202 2722 postea
1228 2682 1373 2721 peteret
1402 2678 1596 2724 trichogy-

58 2746 141 2770 nen.
190 2735 244 2768 De
270 2734 412 2778 polline
439 2733 602 2767 nondum
629 2735 870 2768 observatum
899 2735 1065 2770 memini.
1092 2734 1247 2768 1110111111
1267 2747 1352 2768 aere
1372 2747 1594 2779 suspensum

61 2803 173 2836 supra
198 2792 336 2836 stigma
361 2790 560 2831 contineri,
588 2791 809 2834 demumque
838 2791 1004 2825 rostellis
1031 2793 1100 2826 hoe
1126 2791 1330 2836 attingcrc.

148 2848 180 2892 ³²)
207 2849 434 2883 DonEL-mn'r
472 2848 508 2881 in
549 2848 702 2882 Kosmos
734 2849 832 2882 1879.
863 2869 894 2873 —
926 2849 977 2883 De
1005 2849 1062 2882 his
1091 2849 1419 2883 observationibus
1447 2853 1593 2884 tantum

61 2904 283 2940 relationem
314 2904 403 2948 vidi,
431 2916 512 2948 qnae
540 2904 577 2938 in
604 2904 762 2946 Nature,
792 2906 894 2951 Sept.
925 2906 975 2940 ll.
1006 2906 1090 2939 1879
1117 2905 1389 2940 communicata
1414 2906 1496 2941 fuit.
