1937 3315
263 185 315 225 96

262 294 506 336 immediate
550 294 743 346 generat,
776 290 916 331 nescio
949 303 1085 342 quare
1116 304 1198 331 non
1230 290 1315 332 alio
1345 291 1437 333 1000
1467 292 1579 334 idem
1612 293 1706 335 fieri
1737 307 1804 334 as-

262 363 515 402 sumeretur.
577 358 620 399 Si
659 372 758 399 vero
795 357 839 398 in
871 357 1107 409 Polyeoelia
1139 357 1350 410 ejusmodi
1382 358 1520 400 libera
1550 361 1802 402 cellularum

262 428 481 481 generatio
520 426 643 478 qnasi
676 425 730 465 ad
762 423 906 465 oculos
938 424 1273 476 demonstratur,
1304 426 1435 466 etiam
1468 426 1565 467 aliis
1595 427 1698 468 locis
1729 428 1804 469 ad-

260 510 349 537 esse
381 494 628 543 credideris,
662 493 764 534 licet
794 492 1018 534 obscurior
1049 496 1125 533 aut
1157 493 1314 546 aegrius
1346 494 1618 536 observanda
1633 494 1686 547 *).

373 562 592 615 Praecipue
625 561 677 602 de
708 560 964 602 Griffithsiis
1009 561 1208 613 quaedam
1245 562 1630 604 animadvertenda
1660 563 1805 605 viden—

261 634 344 680 tur,
393 642 489 681 quae
535 628 590 670 ad
636 628 845 682 ejusmodi
883 628 1183 669 formationem
1216 628 1470 670 cellularum
1501 629 1804 672 illustrandam

259 698 518 751 pertineant.
564 697 662 738 Jam
695 711 825 750 supra
856 696 945 737 dixi
978 696 1176 738 cellulam
1210 699 1428 750 quandam
1459 699 1740 751 penultimam
1763 700 1806 740 111

261 766 482 807 Pandorea
526 764 861 818 diaphragmate
906 764 1189 805 transversali
1228 765 1490 806 subdivisam
1522 766 1615 807 fieri
1647 767 1690 808 in
1722 767 1805 807 cel-

260 833 373 874 lulas
419 832 527 874 duas
571 845 716 883 novas,
749 845 933 884 quarum
967 832 1230 884 superiorem
1262 832 1349 873 vidi
1381 833 1537 874 iteruin
1568 848 1666 875 mox
1698 834 1806 875 divi-

260 916 350 943 sam
382 901 581 955 plurimis
611 901 731 942 novis
762 899 941 948 cellulis,
973 900 1016 940 in
1048 900 1194 941 orbem
1226 900 1339 941 circa
1371 901 1607 942 centralem
1637 907 1805 955 partem

259 969 480 1023 dispositis
511 969 614 1022 (Ay.
641 969 736 1009 Tab.
760 968 885 1021 Lfi'gs.
907 971 947 1019 3,
969 972 1007 1019 5,
1029 969 1091 1022 6),·
1123 968 1374 1010 membrana
1405 969 1570 1010 cellulae
1601 975 1806 1012 maternae

259 1038 431 1080 demum
477 1038 622 1080 soluta
666 1037 733 1092 (in
779 1036 1015 1089 gelatinam
1061 1037 1312 1092 conversaP)
1350 1037 1514 1079 cellulae
1546 1038 1644 1080 filiae
1676 1039 1806 1080 verti-

259 1106 417 1148 cillatae
462 1105 681 1147 urceolum
726 1104 969 1155 conficiunt,
1017 1104 1134 1144 intra
1166 1118 1291 1156 quem
1323 1105 1398 1145 fila
1429 1106 1804 1159 sphaerosporifera

259 1174 487 1216 innumera
531 1173 776 1214 formantur
821 1173 921 1224 (Ay.
955 1172 982 1212 l.
1014 1185 1047 1212 c.
1067 1174 1144 1225 fis).
1177 1176 1214 1224 4,
1246 1177 1283 1224 (j,
1315 1174 1374 1227 7).
1435 1173 1664 1215 Urceolum
1695 1174 1807 1215 Pan-

259 1242 399 1283 doreae
445 1256 541 1283 cum
588 1240 806 1282 involucro
852 1239 1105 1280 Griffithsiae
1152 1239 1384 1293 analogum
1422 1254 1525 1286 esse,
1558 1241 1687 1282 nullis
1719 1255 1807 1282 0111-

259 1311 358 1352 111110
390 1310 533 1352 dubiis
565 1323 718 1351 vacare
750 1312 963 1362 putarem.
1024 1308 1253 1349 Involucra
1286 1312 1430 1350 autem
1461 1309 1715 1363 Grejffitlcsr'ce
1745 1323 1807 1349 se—

259 1382 384 1419 tacece
415 1382 516 1419 sunt
546 1378 640 1432 pari
671 1377 795 1418 modo
828 1377 946 1417 intra
968 1376 1201 1416 articulum
1224 1377 1391 1417 unicum
1416 1377 1603 1418 formata
1624 1384 1641 1430 (
1650 1377 1808 1418 171111·οΐ

260 1446 389 1487 Etud.
423 1446 554 1499 Plzsqe.
589 1446 686 1486 Tab.
719 1444 943 1486 XXXVI.
962 1446 1039 1497 fig).
1071 1448 1117 1495 :2;
1150 1445 1264 1485 Pera
1308 1444 1484 1498 I‘V'rv'gllet.
1507 1446 1653 1497 spicil.
1676 1445 1807 1498 Phyc.

264 1515 360 1555 Tab.
403 1514 447 1555 V.
466 1515 543 1567 fiy.
574 1517 612 1565 4,
643 1513 706 1565 5)‚·
737 1512 812 1553 fila
842 1511 1127 1553 involucralia
1158 1515 1259 1553 sunt
1289 1513 1331 1553 111
1364 1513 1444 1554 hac
1475 1513 1612 1566 specie
1644 1516 1687 1554 et
1714 1514 1807 1566 ipsa

260 1582 462 1636 plurima,
494 1585 537 1623 et
568 1580 738 1634 singula
785 1579 982 1634 pluribus
1013 1579 1211 1620 articulis
1242 1580 1413 1633 vulgari
1445 1581 1571 1622 modo
1602 1595 1806 1635 superpo-

259 1650 354 1691 sitis
385 1649 632 1699 constituta,
666 1647 850 1689 articulo
882 1647 1102 1688 terminali
1133 1647 1330 1700 praedita,
1360 1649 1480 1702 cujus
1501 1663 1579 1702 ope
1601 1649 1808 1689 articulos

260 1718 485 1759 inferiores
522 1717 730 1758 formatos
760 1719 951 1769 putares,
982 1715 1164 1756 ramulis
1195 1716 1379 1770 denique
1410 1717 1638 1758 instructa.
1698 1716 1806 1758 Nas-

259 1787 373 1827 citur
417 1789 534 1826 totus
581 1784 650 1825 hic
696 1783 949 1837 adparatus,
996 1785 1039 1823 et
1075 1783 1359 1824 conficiantur
1396 1784 1470 1825 fila
1501 1784 1734 1826 articulata
1765 1788 1808 1825 et

259 1868 429 1896 ramosa
460 1854 577 1894 intra
608 1852 787 1894 eandem
809 1851 1022 1901 cellulam,
1046 1851 1160 1904 quod
1183 1852 1500 1894 evidentissime
1519 1852 1807 1907 conspiciatur

260 1937 336 1976 per
366 1922 660 1963 membranam
691 1921 951 1974 pellucidam
984 1919 1149 1962 00111111111
1181 1924 1386 1961 maternae
1415 1921 1555 1962 adhuc
1577 1922 1806 1974 pertisten-

260 1995 365 2041 tem3
411 1990 582 2032 demum
614 1989 825 2030 dissoluta
856 1989 1012 2030 cellula
1043 1991 1241 2030 materna
1272 1992 1419 2042 partes
1450 1989 1630 2044 singulae
1660 1989 1808 2030 liberae

351 2153 384 2197 ¹⁴⁰)
412 2153 455 2186 In
482 2152 601 2185 forma
626 2150 785 2194 quadam
812 2150 945 2194 majori
973 2150 1132 2184 Ceramii
1160 2151 1278 2193 rubri,
1305 2151 1351 2184 ad
1370 2162 1454 2184 oras
1475 2153 1623 2184 nostras
1643 2150 1805 2195 vulgari,

262 2209 341 2244 vidi
367 2209 469 2243 intra
495 2208 676 2242 articulos
704 2207 884 2251 quosdam
914 2206 999 2251 (Ay.
1030 2207 1115 2241 Tul).
1142 2207 1223 2240 III.
1243 2207 1310 2251 figy.
1339 2208 1416 2251 21),
1442 2210 1547 2241 recte
1573 2206 1721 2242 filorum
1750 2219 1804 2241 ar-

262 2266 504 2299 ticulatorum
543 2268 663 2298 totum
703 2263 854 2297 articuli
894 2263 1021 2296 lumen
1057 2264 1284 2307 pervadere:
1323 2263 1385 2297 fila
1416 2264 1461 2298 ab
1487 2275 1561 2297 uno
1586 2265 1734 2308 pariete
1761 2265 1807 2298 ad

261 2324 422 2356 alterum
461 2324 632 2363 extensa,
659 2320 765 2363 quasi
792 2319 850 2352 his
878 2319 1134 2353 sustineretur
1159 2320 1354 2353 articulus.
1406 2320 1477 2354 Sed
1504 2320 1543 2353 in
1569 2321 1697 2364 paucis
1724 2324 1806 2355 tan-

261 2384 339 2412 tum
371 2378 542 2411 articulis
575 2380 657 2410 rete
685 2376 876 2410 evolutum
904 2375 995 2411 vidi,
1023 2376 1110 2409 dum
1138 2376 1201 2409 alii
1229 2379 1267 2409 et
1293 2376 1406 2411 vicini
1433 2377 1584 2410 articuli
1611 2378 1718 2411 vacui
1744 2378 1806 2412 ad-

261 2440 483 2481 paruerunt.
534 2434 654 2478 Quum
691 2434 772 2467 11100
799 2434 862 2466 fila
887 2433 1072 2467 interiora
1097 2433 1207 2467 modo
1234 2433 1391 2468 definito
1416 2433 1604 2478 disposita
1628 2434 1806 2469 videban-

262 2500 336 2535 tur,
364 2495 428 2527 vix
454 2492 669 2537 parasiticae
696 2492 838 2536 plantae
867 2491 1061 2535 pertinere
1090 2494 1276 2535 putarem,
1302 2491 1393 2526 licet
1419 2493 1513 2526 bene
1539 2492 1734 2537 cognitum
1758 2491 1808 2525 sit

262 2550 411 2593 plantas
438 2548 663 2592 parasiticas
691 2550 869 2581 externas
899 2546 1204 2589 (Callithcwmion
1232 2547 1418 2591 Davz'esz'i)
1443 2548 1482 2581 in
1508 2547 1584 2583 Cer.
1602 2549 1716 2582 rubro
1732 2548 1803 2582 fre-

262 2608 422 2649 quentes
460 2604 654 2640 obvenire.
705 2604 783 2638 Nec
809 2614 892 2637 cum
918 2604 976 2636 his
1004 2604 1183 2638 confundi
1211 2605 1345 2638 vellem
1373 2606 1533 2649 mycelia
1557 2605 1740 2649 quaedam,
1767 2605 1805 2638 in

262 2662 487 2707 praeparatis
516 2663 584 2696 sub
610 2661 783 2705 pluribus
811 2660 944 2694 diebus
971 2661 1205 2695 conservatis
1233 2662 1325 2695 mihi
1352 2662 1554 2705 aliquando
1579 2663 1700 2697 obvia.
1749 2661 1807 2695 Ita

262 2720 440 2764 siphones
479 2731 635 2763 magnos
664 2718 940 2763 Polysiphom'oe
964 2720 1131 2762 rimasse,
1159 2732 1205 2753 ex
1232 2720 1439 2764 specimine
1467 2721 1656 2754 exsiccato
1681 2731 1803 2753 resec-

263 2779 333 2813 100,
372 2776 448 2809 vidi
482 2786 618 2819 paucos
646 2782 731 2818 post
758 2774 838 2807 dies
866 2775 1042 2817 occupari
1068 2775 1141 2808 filis
1169 2775 1490 2819 hyphaeformibus
1517 2776 1673 2809 ramosis
1701 2777 1805 2810 varia

263 2831 473 2865 directione
512 2843 578 2875 per
610 2832 737 2864 lumen
764 2831 914 2865 cellulae
941 2832 1245 2872 excurrentibus,
1272 2844 1429 2875 quorum
1455 2835 1566 2866 antea
1591 2833 1693 2865 nulla
1720 2845 1804 2875 ger-

264 2887 363 2921 mina
389 2889 591 2923 observare
617 2887 791 2934 contigit.
