1937 3315
301 214 382 253 000

302 246 350 255 -ιι-

301 326 497 380 pendere.
559 324 609 364 In
654 322 804 365 nucleo
838 322 1020 377 juvenili
1052 322 1129 364 hoc
1161 326 1347 364 stratum
1378 323 1462 364 filis
1494 324 1737 366 articulatis
1769 338 1836 365 ra-

300 393 428 435 mosis
474 392 655 433 invicem
702 391 949 432 intertextis
995 391 1277 432 constitutum
1310 390 1395 431 vidi
1428 391 1529 444 (Ass.
1561 392 1587 432 l.
1618 395 1743 445 (assy.
1776 393 1837 445 5).-

300 459 633 513 carpostomium
681 472 841 509 versus,
890 458 963 499 fila
1002 459 1042 499 in
1083 458 1273 499 ramulos
1306 472 1451 499 coecos
1482 466 1731 510 excurrunt⁷
1764 460 1837 511 qui

300 527 494 581 apicibus
539 527 625 567 suis
671 526 862 568 canalem
909 526 1184 579 earpostomii
1215 526 1408 579 cingunt.
1470 526 1563 567 Fila
1596 527 1723 567 strati
1756 528 1837 568 cir-

299 594 614 636 cumnuclearis
659 595 782 635 initio
829 594 1009 645 laxiora,
1056 595 1166 635 fiunt
1213 594 1368 634 sensim
1412 595 1551 647 magis
1587 595 1837 643 intertexta,

299 663 555 716 demumque
587 663 630 703 in
663 661 843 703 cellulas
876 662 1033 703 abeunt
1069 662 1330 714 adparenter
1352 662 1532 703 invicem
1554 662 1714 703 liberas
1737 661 1838 715 (Ay.

298 733 379 773 tal).
412 731 591 773 XVIII.
613 733 690 784 fifl-
712 731 771 784 (j)⁷
804 730 996 772 foventes
1028 730 1314 772 endochroma
1346 730 1554 771 intensius
1587 729 1838 780 coloratum,

299 799 413 853 quod
445 813 553 852 saepe
587 799 630 839 in
661 803 809 852 partes
842 801 867 839 4
890 799 1156 840 subdivisum
1179 798 1353 840 obvenit
1375 799 1528 851 (Ham.
1554 799 1683 852 I'laeyc.
1706 803 1839 840 (lustr.

298 869 377 909 tab.
410 868 545 909 XIII.
565 870 640 921 fiy.
673 871 732 919 (›'),·
765 868 828 909 ita
860 868 1179 922 sphaerosperas
1210 867 1298 908 fere
1331 868 1597 909 mentientes.
1660 868 1694 907 A
1727 867 1840 908 Har-

299 952 402 992 veye
434 951 603 990 quoque
636 936 806 978 nomine
838 937 1370 991 pseudo-tetrasporarum
1394 936 1629 990 designatae
1652 937 1839 978 fuerunt.

300 1006 386 1047 Sub
420 1005 574 1056 stadio7
607 1004 721 1058 quod
754 1006 967 1059 posterius
999 1004 1176 1054 credidi,
1209 1005 1286 1046 has
1318 1004 1495 1045 cellulas
1526 1005 1613 1045 vidi
1645 1020 1727 1045 non
1760 1005 1840 1045 cir-

299 1075 512 1116 cumcirca
543 1075 783 1128 contiguas,
816 1074 888 1115 sed
921 1074 1082 1127 partim
1105 1073 1353 1115 deficientes
1375 1074 1488 1114 inter
1510 1072 1596 1123 fila,
1620 1087 1713 1125 qua·
1736 1073 1840 1113 mihi

299 1144 436 1196 magis
482 1143 727 1197 gelatinosa
773 1142 1087 1196 adparuermit.
1150 1142 1330 1183 Demum
1370 1145 1511 1182 totum
1542 1142 1620 1183 hoc
1653 1145 1841 1182 stratum

299 1212 479 1253 deficere
511 1211 611 1261 vidi,
651 1214 693 1252 et
724 1210 923 1252 nucleum
955 1210 1142 1250 cinctum
1174 1213 1312 1251 strato
1345 1209 1560 1262 gelatinae,
1593 1223 1722 1261 quam
1755 1208 1840 1249 dis-

300 1280 512 1322 solutione
544 1280 679 1321 totius
711 1279 837 1320 strati
871 1278 1249 1319 circumnuclearis
1271 1278 1376 1319 oriri
1399 1281 1440 1319 et
1463 1277 1704 1331 expulsioni
1727 1292 1840 1330 gem-

299 1349 531 1391 midierum
564 1349 749 1402 denique
780 1348 988 1389 inservire
1021 1347 1275 1401 suspicarer.
1336 1346 1480 1387 Etiam
1512 1346 1554 1386 in
1588 1345 1683 1387 aliis
1706 1345 1841 1386 Flori-

300 1417 391 1459 deis
437 1416 503 1471 (in
550 1417 828 1469 Nelzegfflmme
860 1416 940 1468 Ay.
974 1416 1052 1456 tat.
1087 1415 1269 1456 XXIII
1289 1417 1364 1468 fiff·
1396 1419 1424 1456 δ
1454 1428 1481 1455 α
1511 1418 1547 1455 ct
1578 1415 1619 1468 h)
1658 1417 1843 1455 stratum

300 1484 665 1527 circunmucleare
697 1483 916 1537 quoddam
947 1483 1025 1524 sul)
1058 1483 1209 1524 eadem
1242 1482 1380 1523 forma
1412 1482 1547 1523 adest.

416 1553 458 1594 Si
505 1553 625 1594 tenui
672 1553 857 1594 sectione
903 1566 979 1605 per
1025 1551 1213 1593 medium
1253 1550 1392 1591 nuclei
1426 1550 1558 1591 ducta
1588 1550 1844 1591 observatur

301 1622 479 1671 sructus‚
526 1620 709 1674 adparet
755 1620 955 1674 placenta
1000 1634 1160 1673 magna
1205 1618 1424 1665 centralis„
1472 1619 1596 1672 quasi
1634 1618 1770 1659 solida
1801 1621 1844 1659 et

302 1689 485 1730 materia
516 1692 716 1730 constans
748 1688 884 1730 luteo·
916 1688 1071 1741 grisea,
1103 1687 1244 1729 media
1276 1692 1399 1740 parte
1432 1686 1639 1728 crassiore
1671 1689 1714 1727 et
1746 1701 1843 1727 con-

302 1758 438 1808 tinua,
484 1760 730 1798 extrorsum
775 1758 819 1797 in
865 1771 1006 1797 ramos
1052 1755 1262 1809 plurimos
1295 1755 1568 1807 angustiores
1599 1768 1843 1804 excurrens,

303 1840 485 1879 querum
531 1825 586 1867 ab
633 1825 826 1879 apicibus
872 1825 945 1865 fila
991 1823 1309 1877 gemmidiifera
1349 1826 1593 1863 extrorsum
1625 1822 1845 1863 radiantia

302 1898 461 1936 exeunt
491 1894 592 1947 (Ay.
625 1894 706 1935 tab.
742 1893 921 1935 XVIII.
943 1893 1018 1946 figy.
1042 1893 1100 1946 (ί).
1149 1891 1231 1932 Pro
1263 1890 1499 1931 directione
1533 1889 1742 1943 segmenti
1766 1904 1844 1931 cae-

301 1966 442 2004 terum
486 1962 579 2015 ipsa
626 1962 763 2002 forma
802 1961 1013 2014 placentae
1046 1974 1217 2012 quoque
1248 1958 1467 2012 paulisper
1498 1961 1705 1999 mutatur.
1768 1957 1843 1999 Ju-

302 2030 493 2071 nioribus
524 2029 685 2070 nucleis
717 2044 836 2070 secus
868 2028 1183 2082 longitudinem
1215 2027 1325 2068 rami
1357 2027 1609 2068 transseetis
1641 2026 1745 2067 mihi
1768 2026 1843 2067 ad-

302 2098 448 2152 paruit
494 2101 632 2138 totum
680 2097 877 2138 nucleum
924 2096 1029 2138 oriri
1073 2096 1439 2137 transmutatione
1472 2095 1581 2136 rami
1614 2095 1844 2143 interioris,

303 2166 424 2219 cujus
454 2169 601 2218 partes
633 2164 859 2205 inferiores
892 2167 935 2204 et
968 2164 1090 2215 quasi
1114 2163 1292 2203 caulinze
1316 2162 1575 2214 placentam,
1598 2162 1843 2213 ramuliquc

302 2236 449 2286 partes
482 2232 620 2274 nuclei
653 2231 896 2285 superiores
927 2235 1003 2272 aut
1035 2231 1273 2273 exteriores
1296 2231 1576 2271 constituant.
1625 2229 1843 2279 Quomodo

302 2302 345 2342 in
392 2299 685 2353 Arescheugia
716 2299 825 2340 rami
858 2298 1082 2340 inferiores
1115 2297 1284 2339 steriles
1314 2312 1339 2338 a
1371 2297 1474 2339 tubo
1514 2297 1619 2338 axili
1651 2296 1844 2338 frondem

303 2372 438 2410 totam
471 2370 721 2422 permeante
754 2367 1021 2420 proveniant,
1056 2367 1229 2418 suisque
1252 2364 1430 2406 ramulis
1453 2368 1594 2405 strata
1616 2364 1844 2405 exterioris

305 2437 467 2478 frondis
498 2437 765 2478 constituant
797 2436 896 2489 (Ag).
930 2436 1008 2476 tab.
1043 2435 1221 2477 XVIII.
1242 2436 1317 2488 fiss.
1349 2436 1499 2487 2—3)‚
1542 2433 1687 2474 eodem
1720 2433 1844 2474 medo

303 2520 449 2547 ramus
495 2504 652 2546 fertilis
697 2519 723 2545 a
768 2504 872 2545 tubo
911 2504 1017 2544 axili
1049 2504 1151 2550 exit,
1183 2506 1229 2544 at
1261 2503 1415 2543 sensim
1448 2504 1767 2542 transmutatus
1799 2501 1842 2540 in

307 2576 493 2615 fructum
539 2572 797 2614 intumescit.
858 2572 1153 2613 Articulorum
1199 2570 1534 2613 endoehromata
1572 2570 1615 2610 in
1647 2568 1843 2621 partibus

305 2641 582 2683 inferioribus
612 2641 721 2682 rami
755 2641 1036 2681 transnmtati
1068 2654 1144 2693 per
1175 2653 1302 2692 poros
1334 2638 1490 2679 sensim
1515 2651 1724 2690 expansos
1747 2650 1843 2677 con-

300 2710 545 2763 junguntur
590 2712 633 2749 et
679 2709 817 2762 magis
862 2709 1085 2760 magisque
1124 2706 1357 2756 confluunt,
1398 2705 1569 2746 demum
1600 2703 1842 2756 placentam

305 2791 507 2829 magnam
552 2776 876 2825 constituentia3
924 2775 1000 2816 sub
1049 2776 1128 2815 hac
1176 2773 1538 2815 transmutatione
1584 2771 1843 2812 membrana>

306 2844 587 2886 articulorum
619 2844 756 2897 magis
778 2843 1026 2897 gelatinosze
1050 2846 1185 2884 totam
1208 2842 1451 2896 placentam
1474 2839 1709 2881 ambientes
1732 2855 1842 2880 nune

307 2912 470 2951 diutius
502 2910 659 2952 adsunt
691 2910 794 2964 (Ay.
826 2911 850 2951 l.
883 2926 915 2951 c.
935 2912 1011 2962 Jiy.
1044 2912 1102 2964 (i),
1151 2924 1262 2951 nune
1295 2913 1337 2950 et
1368 2908 1503 2949 serius
1536 2907 1603 2947 vix
1637 2907 1843 2961 conspici-
