1937 3315
303 193 354 233 98

303 303 375 343 dia
419 302 543 353 quasi
580 314 655 354 per
693 300 836 340 radios
867 300 1172 354 (dichotomos)
1204 301 1477 347 cohaerentia,
1511 305 1561 343 ut
1585 303 1843 356 jamdudum

302 369 496 411 exhibuit
527 367 690 421 Naegeli
721 367 984 422 (Alyensyst.
1020 370 1114 411 Ταῦ.
1154 369 1224 411 VI.
1245 370 1320 423 figi·
1350 371 1443 424 28)ε

414 436 558 477 Etiam
604 435 655 476 de
692 435 776 477 filis
806 437 1120 487 minutissimis,
1153 438 1311 490 quibus
1342 438 1497 491 saepius
1529 443 1726 480 constant
1758 439 1843 480 An-

301 504 491 546 theridia
538 508 724 553 matura,
770 505 1014 559 suspicatus
1052 520 1145 546 sum
1181 506 1330 547 eadem
1362 506 1426 560 (in
1459 506 1696 561 nonnullis)
1726 507 1845 548 intra

301 576 522 613 maternas
554 571 732 613 cellulas
764 572 954 626 plurima
985 574 1202 627 generari3
1235 574 1333 614 dein
1355 588 1455 615 vero
1477 573 1733 615 cellularum
1755 589 1844 616 ma-

300 644 522 682 ternarum
570 640 829 682 membranis
861 641 1081 682 dissolutis
1112 640 1186 682 fila
1217 641 1342 694 quasi
1374 640 1513 682 libera
1544 641 1660 682 intra
1692 642 1844 696 gelati-

301 723 400 749 nam
432 709 657 751 contineri.

299 916 356 956 X.
404 916 476 956 De
497 917 809 957 cellularum
831 915 1173 967 dispositione
1189 925 1466 967 earumque
1481 916 1843 966 conjunctione

514 983 570 1025 in
597 985 767 1025 certos
799 983 1005 1026 ordines
1037 985 1129 1025 aut
1160 985 1330 1025 strata
1361 983 1626 1025 distincta.

412 1120 509 1162 Jam
548 1124 676 1162 antea
714 1120 900 1161 indicavi
933 1120 1096 1162 nullam
1129 1134 1218 1162 esse
1250 1120 1468 1173 hucusque
1501 1120 1716 1173 cognitam
1748 1119 1845 1161 Flo-

298 1189 476 1238 rideam,
517 1202 610 1241 quae
642 1188 767 1229 unica
800 1191 1016 1229 constaret
1048 1187 1224 1239 cellula3
1256 1187 1467 1241 plurimas
1499 1202 1598 1229 vero
1630 1201 1720 1228 esse
1751 1202 1843 1241 spe-

298 1258 382 1299 cies
428 1256 872 1307 Callithamniearum,
920 1256 1294 1310 Wrangeliearum
1332 1260 1374 1297 et
1405 1255 1702 1301 consimilium,
1736 1269 1843 1308 qua-

298 1340 393 1367 rum
438 1325 611 1366 frondes
658 1328 700 1365 et
746 1328 892 1378 partes
933 1328 1122 1366 externae
1154 1328 1356 1366 constant
1387 1325 1556 1366 cellulis
1587 1325 1770 1378 singulis
1801 1325 1844 1366 in

298 1394 371 1435 fila
409 1393 621 1447 simplicia
653 1397 730 1434 aut
760 1393 857 1447 plus
889 1394 1028 1435 minus
1060 1409 1229 1436 ramosa
1261 1395 1553 1448 superpositis,
1586 1408 1680 1447 quae
1711 1393 1845 1446 igitur

297 1461 528 1504 Confervas
575 1476 765 1504 ramosas
812 1463 1088 1516 simplicitate
1126 1463 1446 1517 compositionis
1478 1466 1665 1515 aequant.
1726 1461 1845 1502 Inter

300 1532 331 1572 F
335 1531 520 1573 lorideas
552 1532 594 1573 in
625 1532 920 1573 membranam
967 1546 1178 1586 expansas
1216 1535 1316 1573 sunt
1348 1531 1508 1585 species
1539 1530 1843 1584 (Nitophgylla),

299 1614 481 1653 quarum
513 1600 686 1641 frondes
719 1600 886 1642 steriles
917 1601 1243 1642 constituuntur
1265 1601 1390 1642 unico
1412 1603 1551 1642 strato
1574 1598 1842 1645 cellularum,

298 1681 392 1720 quae
423 1668 465 1708 in
497 1667 645 1709 eodem
675 1668 805 1722 plano
829 1668 1196 1722 juxtaponuntur3
1229 1669 1271 1709 in
1293 1668 1358 1709 his
1381 1667 1602 1722 speciebus
1624 1670 1840 1707 structura

296 1749 417 1788 aeque
464 1736 647 1789 simplex
693 1736 904 1791 adpareat
951 1751 1000 1778 ac
1039 1736 1327 1779 Ulvacearum
1360 1738 1473 1778 inter
1507 1736 1641 1790 Algas
1672 1735 1843 1777 virides.

298 1802 397 1844 Alia
434 1817 533 1845 vero
568 1808 632 1845 est
663 1805 776 1846 ratio
808 1805 852 1846 in
884 1805 1009 1858 longe
1041 1805 1249 1858 plurimis·
1272 1805 1500 1856 Florideis3
1546 1803 1710 1845 cellulae
1742 1818 1843 1845 ean-

298 1871 394 1913 dem
438 1871 635 1913 frondem
672 1873 993 1929 *constituentes
1038 1887 1121 1913 non
1157 1876 1330 1913 tantum
1362 1875 1461 1913 sunt
1492 1872 1631 1913 forma
1662 1872 1842 1912 invicem

298 1938 488 1990 diversae,
532 1943 575 1980 et
604 1939 647 1980 in
680 1939 859 1981 diversis
891 1939 1112 1993 speciebus
1143 1939 1272 1981 aliter
1301 1939 1532 1992 dispositae,
1566 1939 1638 1981 sed
1670 1942 1843 1980 mutan-

297 2009 371 2046 tur
401 2020 570 2060 quoque
602 2006 744 2058 quoad
776 2006 955 2047 formam
990 2009 1030 2046 et
1063 2009 1313 2047 contentum
1345 2006 1424 2047 sub
1456 2006 1698 2048 evolutione
1725 2006 1843 2047 fron-

297 2072 375 2123 dis,
407 2076 451 2114 et
482 2073 651 2115 diversa
681 2077 822 2115 strata
854 2073 1023 2114 demum
1055 2074 1332 2115 constitua-nt.
1382 2073 1432 2115 In
1463 2073 1612 2115 multis
1634 2074 1843 2115 Florideis

297 2141 505 2194 ejusmodi
542 2142 629 2183 tria
666 2146 807 2183 strata
839 2141 1010 2184 diversa
1042 2142 1310 2195 distinguere
1342 2142 1461 2183 licet:
1494 2143 1619 2193 axile,
1650 2143 1842 2183 interme-

297 2209 414 2249 dium
445 2213 487 2250 et
516 2210 733 2261 co›·t2feale;
763 2209 807 2250 in
838 2209 1036 2262 plurimis
1067 2208 1213 2250 saltim
1246 2210 1269 2250 2
1302 2212 1441 2250 strata
1463 2208 1636 2259 adsunt,
1660 2223 1841 2263 quorum

296 2291 427 2317 unum
459 2281 674 2318 externum
705 2281 747 2318 et
776 2276 964 2317 alterum
995 2279 1060 2318 est
1090 2277 1312 2317 internum.

408 2344 511 2395 Quae
543 2359 640 2387 vero
673 2348 812 2386 strata
843 2345 886 2386 in
917 2344 1147 2399 Algologia
1179 2345 1442 2399 descriptiva
1463 2345 1605 2398 quoad
1627 2345 1758 2387 situm
1779 2346 1842 2386 ita

296 2412 656 2463 determinantur,
687 2428 738 2455 ea
768 2414 812 2454 in
843 2413 1024 2455 diversis
1056 2413 1282 2467 speciebus
1314 2413 1430 2455 haud
1462 2428 1630 2468 semper
1661 2414 1840 2456 invicem

297 2480 483 2535 analoga
528 2485 648 2533 sunt3
694 2480 897 2523 differant
943 2496 1025 2523 non
1064 2484 1235 2523 tantum
1273 2484 1506 2533 structura,
1539 2482 1612 2524 sed
1644 2485 1687 2524 et
1717 2483 1842 2524 modo

296 2553 339 2590 et
385 2553 577 2603 tempore
622 2563 705 2602 quo
751 2550 966 2591 oriuntur.
1029 2550 1079 2592 In
1111 2550 1369 2603 quibusdam
1401 2550 1576 2592 familiis
1608 2564 1718 2592 nunc
1750 2551 1840 2601 hoe,

297 2631 408 2658 nunc
440 2616 547 2659 illud
579 2621 766 2659 stratum
797 2618 1065 2671 frequentius
1096 2618 1291 2670 obvenit3
1323 2619 1367 2660 in
1398 2617 1727 2668 Callithamniis,
1759 2617 1839 2659 Po-

298 2683 548 2738 lysiphoniis
580 2689 659 2727 eto.
706 2700 816 2727 nunc
857 2685 1058 2727 corticale
1092 2686 1309 2739 quoddam
1341 2690 1527 2728 stratum
1559 2685 1692 2734 adest,
1726 2686 1838 2738 quod

297 2752 569 2795 desideratur
601 2755 645 2795 in
676 2754 792 2804 aliis3
824 2754 867 2794 in
899 2753 1159 2807 quibusdam
1192 2753 1455 2809 Nitophyllis
1478 2766 1591 2794 venae
1613 2753 1838 2795 interiores

297 2821 468 2871 adsunt,
515 2835 609 2874 quae
655 2836 738 2863 non
784 2825 957 2862 exstant
996 2821 1037 2861 in
1077 2821 1186 2863 aliis.
1248 2821 1330 2863 Per
1361 2836 1404 2863 se
1435 2819 1696 2872 intelligitur
1727 2821 1838 2874 ejus-

298 2888 409 2927 modi
456 2892 656 2934 stratum,
703 2889 814 2941 quod
851 2904 928 2929 non
962 2890 1001 2929 in
1035 2890 1232 2930 omnibus
1265 2889 1483 2942 speciebus
1514 2888 1689 2929 familiae
1721 2889 1837 2931 inve-
