1937 3315
1618 175 1663 212 71

126 282 373 325 referantur
396 286 481 335 tila,
514 285 778 338 pigmentum
812 289 1008 325 constare
1040 284 1251 336 partibus,
1285 298 1379 337 qna*
1412 283 1467 324 ad
1489 283 1666 325 cellulas

124 350 308 392 alterius
339 354 583 406 systematis
615 354 946 398 transferantur,
981 355 1026 391 ut
1049 352 1091 392 in
1114 351 1180 392 his
1203 351 1384 393 subeant
1406 352 1666 394 mutationes

128 419 226 459 svitae
259 421 533 470 necessarias,
565 420 711 462 forsan
745 419 955 473 suspicari
988 418 1150 460 liceret.

197 636 332 676 VIII.
393 636 464 676 De
495 635 581 676 via
611 636 663 675 et
694 635 860 675 modis
892 633 1131 685 diversis,
1163 634 1350 685 quibus
1382 636 1587 675 cellulae

496 702 721 742 invicem
752 703 927 752 partes
957 703 1293 743 commutant.

241 822 298 873 Si,
344 826 392 863 ut
438 836 567 876 supra
609 823 701 875 jam
746 822 946 872 indicavi,
986 826 1212 864 contentus
1245 823 1499 865 cellularum
1532 826 1587 866 sit
1618 826 1662 867 in

119 890 222 931 aliis
259 892 410 932 stratis
441 891 605 933 frondis
637 891 762 941 alius,
795 906 878 932 non
909 894 1080 932 tantum
1112 890 1291 932 diversis
1322 892 1489 933 cellulis
1521 893 1662 935 diver-

120 972 192 999 sas
224 957 466 1000 functiones
498 958 736 999 attributas
768 958 911 1009 fuisse,
945 957 1018 999 sed
1050 961 1093 998 et
1123 958 1318 999 omnibus
1349 973 1523 1011 operam
1551 974 1662 1001 com-

124 1039 310 1076 munem,
356 1028 403 1066 ut
448 1026 581 1067 totius
628 1026 894 1067 sustineatur
940 1026 1041 1075 vita,
1083 1038 1299 1066 assumere
1330 1030 1542 1078 opportet.
1604 1026 1661 1067 Ut

123 1093 190 1133 his
237 1092 533 1134 satisfaciatur
579 1106 749 1145 quoque
787 1092 960 1134 credere
994 1091 1094 1133 licet
1126 1092 1239 1133 inter
1270 1091 1448 1133 cellulas
1480 1093 1663 1134 invicem

121 1160 502 1201 commutationem
535 1160 753 1212 quandam
784 1161 973 1213 partium
1006 1159 1113 1209 fieri,
1135 1163 1178 1200 et
1199 1160 1392 1212 pervium
1415 1173 1505 1200 esse
1527 1174 1662 1210 usum,

122 1227 246 1279 eujus
291 1240 423 1280 opera
468 1227 516 1267 fit
562 1230 611 1267 ut
649 1230 806 1280 partes,
841 1241 935 1279 quae
967 1227 1011 1268 111
1042 1240 1130 1268 una
1161 1226 1316 1268 cellula
1348 1227 1663 1277 contineantur,

123 1295 166 1334 in
212 1294 396 1335 alteram
434 1294 768 1336 transferantur.
828 1295 897 1336 Ita
928 1309 1079 1337 revera
1110 1309 1213 1345 esse,
1245 1294 1351 1335 mihi
1384 1295 1586 1335 nonnulla
1620 1295 1661 1336 in

120 1364 348 1402 structura
379 1361 678 1403 Floridearum
710 1363 916 1403 indicant.

236 1428 375 1478 Quum
407 1428 616 1470 Florideae
648 1444 791 1471 omnes
823 1430 866 1471 in
897 1430 1006 1471 mari
1038 1429 1149 1471 salso
1181 1429 1359 1482 degunt,
1387 1429 1479 1481 jam
1511 1443 1562 1470 ex
1586 1429 1662 1470 hoc

120 1497 428 1550 suspicandum
476 1497 694 1539 videretur
725 1512 797 1539 eas
827 1513 852 1539 a
882 1499 993 1538 mari
1024 1498 1240 1539 ambiente
1272 1498 1478 1538 nutritias
1515 1502 1662 1551 partes

122 1564 300 1605 haurire
323 1568 365 1605 et
387 1564 695 1617 adiuvantibus
717 1566 932 1606 osmoticis
951 1565 1111 1605 viribus
1130 1565 1507 1605 commutationem
1526 1579 1664 1616 quan-

121 1632 223 1672 dam
253 1633 442 1685 partium
474 1632 689 1685 perficere.
754 1632 813 1673 Ea
847 1647 1016 1685 quoque
1048 1636 1112 1672 est
1142 1632 1493 1672 membranarum
1523 1636 1661 1672 struc-

121 1702 223 1739 tura
254 1703 303 1739 ut
334 1699 585 1740 humoribus
618 1700 786 1740 facilius
818 1701 1029 1753 permeari
1061 1699 1276 1749 crederes,
1309 1699 1422 1751 quod
1454 1699 1558 1738 mihi
1590 1698 1662 1739 de-

120 1770 391 1808 monstratur
436 1767 648 1808 facilitate
695 1781 780 1820 qua
823 1771 865 1808 et
903 1768 1091 1808 viventes
1123 1767 1295 1820 plantio,
1328 1781 1422 1818 1111111
1456 1765 1661 1806 refluente

121 1835 231 1875 mari
278 1835 563 1886 exsiccantur,
609 1835 886 1885 reviviscunt,
918 1838 961 1875 et
992 1835 1208 1875 exsiccata
1240 1835 1472 1887 specimina
1504 1848 1661 1886 aquam

121 1902 351 1952 imbibunt,
399 1902 487 1944 fere
520 1903 757 1942 viventium
788 1902 1040 1954 adspectum
1071 1901 1340 1942 mentientia.
1401 1901 1519 1942 Idem
1551 1902 1661 1942 indi-

120 1970 215 2010 cari
260 1974 458 2022 putarem
504 1970 732 2011 meatubus
778 1969 1185 2019 intercellularibus,
1232 1983 1337 2022 quos
1376 1970 1418 2010 111
1451 1969 1662 2011 Florideis

120 2051 233 2090 saepe
266 2037 455 2078 colorato
478 2050 602 2077 succo
624 2037 806 2090 impleri,
830 2042 873 2079 et
896 2037 1066 2078 demum
1089 2050 1198 2078 nova
1219 2037 1513 2077 circumdante
1531 2051 1662 2078 mem-

122 2105 274 2155 brana,
320 2105 508 2158 ipsorum
554 2119 684 2158 opera
730 2109 890 2155 creata,
938 2104 1116 2145 cellulas
1155 2105 1220 2145 sui
1255 2104 1366 2157 juris
1399 2105 1660 2145 constituere

122 2173 223 2213 vidi.
275 2172 495 2226 Ejusmodi
527 2173 718 2223 cellulas,
751 2188 858 2226 quas
888 2173 1189 2214 interstitiales
1210 2173 1438 2223 nominavi,
1462 2187 1543 2214 non
1566 2179 1661 2214 tan-

123 2242 215 2280 tum
247 2240 290 2280 in
321 2240 579 2292 quibusdam
611 2241 842 2293 generibus
873 2244 1122 2281 constanter
1144 2240 1342 2281 obvenire
1364 2240 1662 2292 (Cccllopltyllis

121 2306 342 2361 aliisque),
380 2308 453 2348 sed
491 2308 621 2348 etiam
652 2309 695 2349 in
727 2308 983 2361 quibusdam
1016 2307 1190 2348 familiis
1221 2308 1554 2361 (Rleodomelee's)
1586 2307 1661 2348 ad-

123 2374 298 2414 modum
336 2375 583 2427 frequentes
616 2390 718 2426 esse,
750 2382 866 2429 puto.
928 2376 1025 2429 Ipso
1057 2390 1205 2417 earum
1236 2376 1507 2416 formationis
1537 2375 1661 2416 modo

124 2455 236 2494 saepe
267 2443 485 2494 propriam
517 2443 597 2483 sibi
629 2443 848 2482 vindicant
880 2442 1074 2483 formam.
1121 2442 1205 2483 Ubi
1236 2443 1347 2483 enim
1378 2446 1544 2483 meatus
1568 2442 1660 2494 11111-

124 2508 225 2549 dam
256 2509 589 2549 intercellularis
621 2509 735 2549 inter
766 2509 948 2561 majores
981 2508 1237 2549 rotundatas
1268 2509 1446 2549 cellulas
1478 2509 1660 2549 interce-

123 2576 203 2626 dit,
235 2575 535 2616 acculnulatur
567 2590 676 2628 szepe
704 2577 747 2616 in
771 2576 849 2617 hoc
871 2589 1020 2616 succus
1042 2579 1084 2616 et
1106 2575 1218 2616 inter
1239 2576 1510 2616 membranas
1533 2580 1661 2617 antea

124 2643 451 2696 adproximatas
497 2642 747 2683 cellularum
794 2643 1032 2683 vicinarum
1070 2643 1248 2687 intrans,
1282 2643 1402 2683 cunei
1434 2642 1488 2682 ad
1522 2643 1660 2684 instar

124 2710 203 2751 has
248 2710 521 2751 membranas
567 2711 719 2751 sensim
766 2714 939 2764 separat
977 2710 1076 2763 (Ay.
1118 2710 1206 2750 7210.
1242 2710 1461 2762 „x'lrififfl
1493 2715 1523 2751 ἐ.)
1554 2715 1591 2751 c!
1621 2718 1658 2761 (i,

128 2779 222 2819 Ταῦ.
258 2777 461 2818 XXXII.
480 2779 555 2830 ι119.
587 2781 657 2829 26,
694 2779 786 2819 Tab.
821 2778 1136 2830 XXXIILfiy.
1159 2782 1216 2818 220·
1237 2778 1297 2831 a).
1348 2777 1403 2818 Ut
1436 2777 1513 2818 1101·
1536 2779 1688 2840 modo.

125 2845 314 2898 spatium
360 2844 680 2886 interccllulare
721 2848 944 2887 extensum
985 2845 1108 2898 quasi
1148 2844 1282 2885 radiis
1323 2845 1486 2886 emissis
1528 2860 1660 2887 mem-
