1937 3315
239 207 290 247 8ss

240 317 323 358 filis
353 310 678 368 gennnidiiferis
708 308 1011 351 nonnullarum
1043 307 1271 348 observare
1302 305 1484 355 credidi3
1515 305 1716 346 nimirum
1737 303 1782 344 in

251 383 420 426 Ve'slczle'a
464 378 620 431 spirali
656 376 756 429 (Ay.
799 375 892 416 Tab,
927 374 1157 416 XXXIII.
1178 375 1253 427 fiy.
1283 373 1376 426 28),
1422 372 1465 412 in
1496 371 1651 424 Dasya
1682 370 1783 424 (Ay.

247 451 338 491 Tab.
363 446 566 489 XXXII.
577 446 653 499 fiy.
675 448 766 498 27),
799 444 842 484 in
873 442 1119 484 Delesseria
1150 441 1250 494 (Ay.
1278 441 1372 481 Ταῦ.
1396 439 1596 480 XXVII.
1607 440 1682 493 fiff·
1705 440 1783 491 12)

242 517 422 569 aliisque
455 513 542 554 vidi
575 511 752 554 cellulas
785 510 991 551 divisione
1024 513 1148 551 natas
1170 510 1355 563 primum
1377 508 1495 548 intra
1516 507 1674 549 limites
1695 522 1785 548 ma-

242 590 375 626 ternae
406 580 571 622 cellulae
592 594 744 634 parum
768 578 1092 633 grandescentis
1113 577 1345 627 contineri3
1377 576 1475 617 dein
1498 577 1787 617 accrescentes

244 651 366 705 quasi
398 652 523 690 extra
554 648 713 689 limites
744 649 975 699 erumpunt
1006 645 1198 699 singulae,
1230 658 1360 686 caecos
1391 643 1580 685 ramulos
1611 642 1699 684 fere
1721 656 1787 683 re-

246 719 444 767 serentes,
475 716 631 769 quibus
662 715 833 757 deinum
865 713 1097 767 gemmidia
1127 713 1413 754 continentur.

360 785 531 827 Addere
562 784 706 838 placet
736 784 874 837 ipsam
906 782 1184 824 directionem
1216 780 1610 834 diaphragmatum,
1633 778 1788 831 quaein

247 853 368 907 Algis
399 851 644 894 articulatis
676 850 908 892 admodum
931 853 1132 891 constans
1154 848 1379 902 adpareat,
1403 860 1581 900 quaeque
1603 845 1646 886 in
1667 845 1790 899 plan-

247 922 303 963 tis
349 919 642 974 superioribus
687 919 833 972 magni
877 918 1081 959 momenti
1128 930 1237 969 saepe
1275 915 1586 964 consideratur,
1617 914 1661 954 in
1692 913 1791 955 aliis

247 989 458 1031 Florideis
502 1001 657 1041 parum
701 986 865 1028 referre
897 985 1047 1027 videri.
1112 985 1163 1024 Et
1194 983 1307 1025 enim
1338 983 1381 1023 in
1411 981 1666 1032 Generibus,
1697 995 1793 1033 quae

247 1057 332 1099 alio
364 1058 561 1109 respectu
591 1054 789 1108 proxima
819 1054 918 1104 sint,
950 1067 1061 1094 nunc
1091 1051 1378 1105 (Delesseria)
1409 1050 1540 1091 series
1560 1048 1688 1090 axilis
1710 1047 1793 1090 cel-

248 1124 437 1166 lularum
468 1122 652 1172 obvenit,
685 1122 728 1163 in
760 1121 916 1175 quibus
946 1120 1285 1173 diaphragmata
1314 1117 1461 1159 stricte
1483 1115 1795 1158 transversalia

249 1196 363 1242 sunt,
409 1205 520 1232 nunc
564 1188 838 1230 desideratur
883 1188 974 1228 haec
1018 1186 1366 1240 (Nitophyllmn),
1406 1188 1450 1226 et
1488 1183 1669 1233 cellulae,
1701 1197 1795 1236 quae

251 1259 440 1301 axilibus
485 1255 804 1310 responderent,
852 1253 1258 1307 diaphragmatibus
1295 1251 1470 1304 oblique
1501 1250 1643 1292 ductis
1674 1265 1794 1305 sepa-

252 1331 417 1369 rantur.
478 1325 589 1374 Quin
633 1324 761 1365 immo
807 1324 850 1364 in
894 1322 1061 1364 Genere
1100 1321 1297 1373 Desmz'ce,
1336 1320 1452 1373 quod
1483 1320 1598 1361 inter
1628 1323 1796 1362 naturae

251 1395 437 1436 maxime
483 1395 771 1434 consentanea
816 1396 1029 1444 putarem,
1075 1389 1206 1431 series
1246 1388 1374 1430 axilis
1405 1387 1657 1429 cellularum
1689 1389 1796 1430 arti-

252 1462 346 1504 culo
392 1459 612 1503 terminali
656 1462 925 1500 accrescente
971 1458 1198 1507 formatur,
1249 1470 1342 1510 quae
1388 1455 1798 1510 diaphragmatibus

253 1526 619 1569 transversalibus
650 1525 693 1566 in
723 1524 941 1566 nonnullis
972 1524 1192 1578 speciebus
1224 1526 1466 1576 separatur,
1489 1523 1797 1578 diaphragma-

253 1597 371 1638 tibus
392 1610 491 1637 vero
508 1594 674 1636 alterne
696 1593 882 1645 obliquis
903 1593 946 1634 in
968 1592 1066 1634 aliis
1088 1592 1225 1645 magis
1246 1591 1488 1633 obsolescit.
1533 1591 1671 1634 Hodie
1693 1592 1800 1633 satis

254 1668 423 1708 constat
468 1663 787 1717 sphaerosporas
832 1661 1131 1703 Floridearum
1177 1659 1356 1701 diversis
1400 1658 1537 1700 modis
1575 1659 1669 1701 fieri
1700 1660 1799 1701 sub-

255 1734 427 1783 divisas,
474 1730 884 1784 diaphragmatibus
930 1729 1102 1781 oblique
1148 1728 1289 1769 ductis
1321 1727 1364 1767 in
1396 1726 1625 1777 nonnullis,
1657 1730 1799 1768 trans-

256 1800 494 1842 versalibus
525 1799 568 1839 in
601 1797 698 1839 aliis
729 1810 877 1850 speras
909 1795 1234 1849 sepa1·antibus;
1264 1795 1378 1836 inter
1399 1794 1560 1848 species
1580 1795 1800 1847 proximas

255 1867 661 1909 Callithamniorum
693 1868 794 1906 sunt
824 1864 920 1905 aliae
952 1863 1260 1917 sphaerosporis
1280 1861 1503 1915 triangule
1523 1861 1682 1913 divisis,
1704 1862 1800 1904 aliae

257 1935 481 1977 cruciatim
527 1933 687 1974 divisis.
748 1932 897 1986 Neque
943 1931 1121 1973 cellulas
1166 1930 1373 1984 geminas,
1411 1929 1566 1983 quibus
1595 1930 1706 1971 rami
1737 1929 1800 1971 di-

258 2002 444 2044 chotomi
490 2001 782 2042 Ceramiorum
814 2003 1063 2049 nascuntur,
1096 1999 1139 2040 in
1171 1998 1369 2040 omnibus
1400 1997 1621 2051 speciebus
1652 1997 1801 2040 eodem

258 2069 417 2122 angulo
461 2068 642 2109 invicem
679 2068 842 2108 distare
872 2071 1084 2121 putarem.
1146 2066 1309 2116 Quibus
1339 2065 1537 2107 omnibus
1567 2066 1705 2119 ipsam
1736 2065 1801 2106 di-

258 2137 490 2178 rectionem
521 2136 901 2189 diaphragmatum
933 2136 977 2175 in
1009 2135 1076 2176 his
1107 2135 1250 2188 potius
1274 2147 1364 2175 esse
1386 2133 1561 2174 minoris
1583 2133 1801 2183 momenti,

259 2219 389 2257 quam
420 2204 637 2245 crederem
669 2202 957 2243 differentiam
989 2202 1172 2243 allatam
1204 2201 1434 2254 postulare,
1467 2204 1517 2241 ut
1548 2214 1706 2253 genera
1736 2200 1802 2241 his

259 2272 513 2314 ducentibus
545 2275 749 2314 creantur
780 2285 902 2312 nova.

373 2355 407 2381 c.
467 2339 532 2381 Dc
576 2339 748 2390 cellulis,
793 2352 883 2391 (saoce
928 2338 1152 2379 evolutione
1191 2340 1400 2378 meat‘zcmn
1432 2335 1804 2377 intercellularmm

249 2410 501 2461 formantur
531 2408 591 2459 (=
623 2407 778 2447 cellula)
808 2406 1136 2459 intwstitdales).
1198 2405 1248 2446 In
1280 2404 1581 2458 Polyse'plzom'a
1601 2403 1676 2445 fila
1696 2404 1802 2444 arti-

262 2475 410 2517 culata
446 2488 551 2525 esse,
582 2477 626 2515 et
657 2473 864 2515 articulos
894 2475 919 2515 4
950 2478 1027 2515 aut
1056 2473 1254 2527 pluribus
1284 2471 1550 2525 siphonibus,
1582 2471 1626 2512 in
1655 2471 1802 2512 orbem

262 2544 377 2584 circa
407 2540 641 2583 centralem
674 2540 891 2594 dispositis
922 2544 966 2582 et
996 2554 1117 2594 aeque
1148 2539 1286 2593 longis
1318 2539 1574 2579 constitutos
1606 2551 1709 2588 esse,
1739 2537 1802 2577 in-

264 2616 329 2652 ter
360 2623 504 2651 omnes
536 2607 768 2661 Algologos
799 2611 980 2649 constat.
1027 2607 1222 2649 Sectione
1253 2605 1536 2647 transversali
1568 2606 1683 2646 facta
1702 2603 1802 2656 (Ay.

270 2679 361 2719 Tab.
396 2676 628 2719 XXXIII.
646 2677 721 2729 fiy.
743 2677 791 2730 7)
822 2679 1004 2729 apparet
1035 2675 1254 2729 siphonem
1287 2673 1520 2715 centralem
1551 2686 1639 2713 esse
1670 2670 1803 2724 cylin-

265 2745 721 2798 drico-prismaticam3
751 2743 1060 2797 pericentricas
1092 2758 1190 2784 vero
1221 2743 1450 2784 sectionem
1481 2739 1635 2781 offerre
1665 2739 1804 2792 magis

267 2817 505 2863 cuncatam,
543 2813 755 2854 lateribus
791 2811 1086 2864 complanatis,
1118 2810 1289 2862 angulis
1318 2808 1531 2862 praecipue
1561 2809 1802 2847 extrorsum

267 2880 485 2932 paulisper
530 2880 792 2930 rotundatiS,
838 2879 900 2919 ita
936 2882 985 2919 ut
1016 2879 1128 2921 inter
1159 2878 1433 2921 membranas
1463 2875 1596 2932 ipsius
1629 2875 1803 2918 articuli
