1937 3315
275 172 349 215 134

267 284 487 326 dissolutis
532 283 730 336 partibus
776 285 948 323 creatur
994 280 1200 334 gelatina,
1247 281 1368 335 cujus
1409 296 1486 335 ope
1518 282 1748 336 gemmiclia
1779 297 1804 323 a

269 354 411 393 fructu
444 351 712 391 auferantur.

380 419 545 459 I'rzeter
591 418 831 459 functiones
878 417 1015 470 magis
1061 419 1327 458 structuram
1360 420 1617 470 spectantes,
1650 419 1804 470 quibus

268 486 504 526 inserviant
522 484 686 526 cellulae
706 485 799 538 ipsa
822 499 900 525 sua
922 485 1061 526 forma
1083 488 1126 526 et
1143 485 1391 526 extensione
1409 488 1540 538 atque
1558 485 1804 526 substantia

269 553 526 594 membranae
559 552 799 603 exterioris,
832 552 1004 593 easdem
1026 553 1156 593 etiam
1178 555 1381 593 contentu
1404 552 1570 593 diverso
1592 552 1688 593 aliis
1710 567 1804 606 per-

268 621 391 673 fungi
423 620 632 662 crederes.
693 620 813 669 Quod
845 621 888 661 in
920 619 1116 673 plurimis
1138 619 1431 673 superioribus
1454 619 1485 659 F
1489 619 1661 661 lorideis
1682 621 1805 662 adest

268 687 469 728 corticale
515 692 716 738 stratum,
762 691 919 741 praeter
965 687 1077 740 quod
1116 691 1262 740 partes
1294 688 1520 729 interiores
1551 688 1731 741 obtegat
1762 693 1805 730 et

268 754 491 796 frondibus
537 754 825 796 adultioribus
871 769 981 808 saepe
1026 755 1276 796 firmitatem
1308 755 1487 806 tribuat,
1520 756 1804 798 endochroma

269 838 438 875 quoque
484 824 674 864 continet
720 824 806 864 suis
838 823 1004 864 cellulis
1036 822 1285 873 coloratum,
1319 823 1387 864 cui
1418 824 1652 865 nutritivas
1684 825 1804 866 func-

268 891 404 931 tiones
442 891 595 931 summi
632 891 835 931 moment-i
866 890 1111 931 adscribere
1144 890 1209 931 fas
1241 893 1318 931 est.
1379 890 1573 932 Stratum
1604 892 1804 932 interme-

268 959 398 1009 dium,
445 958 559 1011 quod
604 959 647 999 in
695 958 909 999 nonnullis
956 962 1004 998 ut
1049 957 1186 1011 major
1223 957 1364 998 frondi
1396 957 1585 999 addatur
1614 959 1805 1012 partium

269 1026 530 1067 cohaerentia
575 1025 712 1066 evolvi
758 1025 966 1076 crederes,
1006 1038 1116 1078 saepe
1148 1039 1318 1078 quoque
1351 1025 1392 1065 in
1425 1026 1511 1066 suis
1541 1025 1708 1067 cellulis
1740 1041 1805 1068 ro-

269 1094 695 1146 tululato-angulatis
725 1096 840 1135 fovet
871 1096 1119 1135 contentum
1151 1093 1444 1147 granulosum,
1470 1094 1589 1147 ,jodio
1619 1095 1806 1137 coerule-

267 1166 467 1213 scentem,
502 1177 627 1216 quem
658 1163 972 1203 nutrimentum
1005 1162 1221 1214 quoddam
1252 1165 1522 1203 reservatum
1554 1163 1682 1204 certis
1709 1164 1805 1205 vitae

270 1229 422 1270 stadiis
454 1230 606 1271 sistere
638 1233 829 1282 putares.

387 1297 513 1338 Velut
560 1298 723 1339 cellulae
773 1298 913 1351 quoad
960 1298 1141 1340 formam
1179 1298 1545 1339 transformantur
1576 1303 1625 1340 ut
1656 1299 1807 1341 melius

268 1365 504 1406 inserviant
549 1366 861 1419 organisationi
908 1370 950 1407 et
988 1369 1231 1416 structurae,
1269 1366 1331 1406 ita
1374 1366 1506 1407 etiam
1538 1366 1805 1420 quandoqui-

269 1433 364 1474 dem
412 1433 572 1473 mutari
610 1434 853 1486 suspicarer
883 1438 930 1474 ut
962 1434 1053 1487 ipso
1086 1448 1160 1474 suo
1192 1436 1397 1474 contentu
1429 1433 1649 1488 biologicis
1681 1435 1806 1475 satis-

268 1500 431 1541 faciant
468 1500 629 1541 usibus.
689 1501 828 1554 Hujus
859 1501 1102 1554 exemplum
1134 1501 1365 1542 admodum
1397 1502 1667 1554 conspicuum
1698 1516 1805 1555 prae-

268 1568 339 1608 bet
386 1567 473 1608 tela
519 1567 783 1620 placentaris
828 1569 871 1609 in
918 1568 1066 1609 multis
1105 1568 1315 1610 Florideis
1347 1569 1650 1622 superioribus,
1684 1570 1806 1622 cujus

270 1636 437 1676 cellulae
470 1636 586 1689 poris
618 1636 855 1677 numerosis
886 1636 1141 1689 demumque
1171 1635 1367 1678 dilatatis
1388 1636 1452 1678 ita
1472 1637 1805 1690 conjunguntur,

271 1708 318 1743 ut
363 1704 700 1745 endochromata
738 1703 954 1745 confluant
990 1703 1245 1757 demumque
1278 1704 1487 1746 massulas
1519 1705 1677 1746 solidas
1708 1720 1805 1746 con-

269 1771 468 1812 stituant.
531 1770 791 1812 Membrana&
824 1771 1081 1813 cellularum
1114 1771 1416 1813 confluentium
1448 1772 1526 1813 sub
1559 1772 1638 1813 hac
1664 1772 1805 1813 evolu-

271 1839 383 1880 tione
434 1839 589 1879 sensim
641 1839 944 1888 obliterantur,
997 1840 1252 1892 demumque
1303 1839 1429 1880 nullae
1476 1840 1805 1892 conspiciantur.

272 1905 469 1946 Massulae
518 1906 799 1958 placentares,
846 1907 924 1947 hoc
956 1906 1080 1947 modo
1112 1907 1370 1959 compositae,
1404 1921 1541 1960 neque
1573 1907 1674 1961 ipsae
1706 1912 1806 1949 sunt

269 1972 446 2021 cellula»,
479 1987 615 2023 neque
648 1972 815 2013 cellulis
848 1973 1185 2023 constituunt-ur,
1218 1974 1290 2015 sed
1322 1988 1420 2015 raro
1452 1978 1500 2015 ut
1521 1979 1718 2028 putarem
1741 1976 1804 2016 in-

270 2044 335 2080 ter
366 2040 538 2092 plantas
569 2039 764 2092 exemplo
797 2043 895 2080 sunt
926 2054 1092 2092 organa
1122 2042 1310 2094 propria,
1344 2055 1437 2095 quae
1469 2046 1638 2083 tantum
1661 2057 1686 2083 a
1709 2057 1805 2084 con-

270 2111 394 2148 tentu
440 2106 693 2148 cellularum
732 2106 969 2148 confluente
1007 2111 1107 2148 sunt
1138 2112 1296 2150 creata.
1357 2109 1418 2151 De
1450 2124 1532 2163 qua
1565 2110 1804 2151 evolutione

270 2175 414 2215 videas
445 2174 545 2227 (Ay.
579 2175 658 2215 tab.
684 2175 1288 2230 XXVIJQfiq.(1-—2139—10)
1319 2180 1362 2218 et
1393 2191 1488 2229 quae
1521 2177 1571 2219 de
1594 2177 1802 2230 placenta·

269 2242 523 2283 formatione
555 2242 597 2282 in
632 2242 887 2294 Xae·†0pl1gyll‹›‚
934 2243 1253 2296 A›-e.s‹·le024q2'eis
1284 2245 1384 2297 (Ay.
1416 2245 1495 2286 tab.
1530 2246 1575 2285 X
1586 2245 1707 2287 VIII.
1728 2247 1803 2299 fig).

267 2310 408 2361 :3—9),
456 2309 672 2349 nonnullis
703 2310 1098 2361 &pleaet-ocoecoideis
1129 2311 1229 2363 (Agl.
1261 2313 1339 2353 tab.
1374 2311 1546 2354 XXVI.
1567 2314 1642 2366 fig).
1675 2318 1701 2354 6
1724 2315 1803 2367 μ),

268 2378 460 2421 solim-2²55
477 2378 577 2429 (Ass.
596 2378 675 2418 tal».
699 2378 869 2419 XXXI
868 2380 955 2431 ‚fist
973 2381 1107 2432 (δ’-,0)
1129 2380 1325 2433 aliisque,
1344 2381 1431 2421 suis
1450 2381 1553 2422 locis
1570 2380 1683 2422 infra
1700 2382 1802 2422 dixi.

382 2444 549 2485 Similes
594 2459 763 2498 quoque
809 2445 1048 2487 functiones
1093 2447 1288 2488 cuticulae
1337 2448 1633 2489 Floridearum
1677 2450 1803 2489 attri-

271 2513 399 2553 buere
437 2512 581 2553 forsan
612 2513 807 2554 audeam.
872 2514 972 2554 Haec
1005 2515 1128 2565 enim,
1162 2515 1262 2556 licet
1293 2516 1459 2557 oriatur
1490 2515 1674 2556 aliarum
1704 2530 1801 2568 par-

268 2582 374 2621 tium
421 2580 698 2622 dissolutione
746 2582 933 2634 quadam
965 2586 1042 2623 aut
1074 2584 1108 2624 si
1140 2584 1275 2624 mavis
1305 2584 1695 2633 transformatione,
1726 2597 1801 2624 nec

269 2648 586 2700 organisatione
632 2648 819 2701 quadam
863 2651 1039 2702 propria
1084 2651 1296 2692 instructa
1341 2651 1552 2701 videatur,
1584 2654 1726 2691 tamen
1759 2654 1801 2691 et

270 2715 536 2755 formationis
568 2716 690 2755 modo
723 2720 765 2756 et
796 2731 872 2757 sua
905 2717 946 2757 in
978 2718 1177 2758 omnibus
1209 2718 1417 2759 Florisleis
1447 2718 1675 2771 praesentia
1707 2717 1799 2770 dig-

272 2782 449 2822 nitatem
481 2782 630 2834 organi
664 2783 752 2823 fere
784 2783 865 2823 sibi
898 2784 1089 2825 vindicat
1120 2789 1162 2825 et
1194 2786 1263 2825 vix
1298 2800 1379 2826 non
1411 2785 1539 2825 certis
1560 2788 1602 2825 et
1623 2785 1799 2837 majoris

270 2848 468 2888 momenti
502 2848 791 2890 functionibus
822 2850 1022 2904 perfungi
1054 2856 1292 2894 censeatur.
