1937 3315
1582 186 1657 227 161

125 297 399 351 deprehendi,
446 303 491 340 at
539 304 614 340 aut
646 300 928 341 exsiccatione
960 304 1033 341 aut
1068 315 1167 341 casu
1200 314 1271 341 eas
1303 299 1524 341 anomalas
1554 299 1660 350 fieri,

124 366 227 407 inihi
259 370 422 407 certum
457 367 626 408 videtur
644 367 697 422 ³⁴)

236 434 493 476 Divisionein
525 436 566 476 in
598 436 746 477 eadem
778 437 917 489 specie
949 451 1115 490 semper
1146 437 1292 478 eodem
1315 437 1437 479 modo
1462 437 1661 487 11011,οΧ-

124 503 336 555 perientia
367 503 532 554 docuit,
572 505 800 557 saepissime
833 519 1002 557 quoque
1035 506 1076 546 in
1108 506 1327 558 speciebus
1359 504 1546 559 ejusdem
1579 504 1661 546 Ge-

126 570 250 611 neris,
298 569 532 622 aliquando
579 586 746 624 quoque
779 572 818 612 in
854 572 1072 625 speciebus
1104 572 1295 625 ejusdem
1326 572 1500 613 familiae
1531 572 1661 626 (Rho-

123 639 333 690 domme)
376 640 557 680 eundem
596 640 817 680 divisionis
850 645 998 693 typum
1030 645 1202 682 servant
1234 641 1549 694 sphaerosporae.
1612 640 1660 682 In

125 706 379 758 quibusdam
412 711 555 748 tamen
585 706 916 750 Callithaniniis,
951 722 1044 761 quae
1077 708 1162 749 :ilio
1194 712 1390 762 respectu
1412 709 1661 762 propinquae

125 774 347 827 adparent,
386 776 480 817 aliae
520 776 688 829 Species
719 777 1036 829 sphaerosporas
1068 781 1275 830 generant
1307 777 1534 831 triangule,
1567 776 1663 817 aliae

123 842 347 882 cruciatim
381 843 552 883 divisas.

233 909 379 958 Quoad
411 913 552 950 ortum
584 914 626 951 et
658 909 953 963 dispositionis
985 910 1156 950 modum
1190 911 1582 964 sphaerosporarum
1615 912 1657 953 in

122 977 272 1018 fronde
319 977 433 1018 haud
480 992 625 1031 paucae
670 978 954 1019 observantur
1000 978 1287 1019 diversitates.
1355 979 1404 1020 In
1450 980 1659 1020 Florideis

123 1044 526 1086 callithamnioideis
557 1045 913 1098 (Callitlae[mmmm
936 1045 1099 1097 Bullia,
1123 1046 1347 1098 Crouam'a,
1370 1046 1658 1099 Ducliwsnaja,

137 1111 373 1163 mmmm
404 1111 620 1166 aliisque),
667 1126 849 1165 quarum
882 1113 991 1152 rami
1025 1113 1217 1165 juniores
1250 1118 1349 1154 sunt
1380 1114 1544 1155 cellulis
1575 1116 1658 1156 sin-

120 1178 230 1231 gulis
277 1180 556 1232 superpositis
588 1180 823 1231 articulati,
863 1181 1168 1234 sphaerosporae
1201 1186 1389 1223 externae
1421 1186 1658 1224 nascuntur

119 1245 219 1299 (Ay.
251 1247 330 1288 tab.
362 1247 396 1288 Ι.
417 1249 493 1301 jiy.
521 1252 584 1299 14,
616 1250 701 1302 15),
748 1263 773 1289 a
818 1248 985 1290 ramulo
1033 1254 1110 1290 aut
1142 1254 1245 1301 toto,
1278 1255 1354 1292 aut
1390 1251 1444 1292 ab
1476 1252 1660 1292 articulo

119 1328 315 1367 supremo
362 1315 681 1362 transformato,
724 1320 772 1356 ut
803 1316 986 1367 videtur,
1019 1320 1137 1358 ortae.
1197 1318 1322 1358 Rami
1354 1318 1660 1373 sphaerosporis

118 1383 283 1424 fertiles
327 1384 369 1424 in
416 1384 631 1425 nonnullis
678 1385 748 1425 vix
789 1385 919 1426 aliter
957 1385 1171 1427 abludunt
1202 1401 1227 1426 a
1259 1387 1478 1428 sterilibus
1508 1387 1658 1441 (Galbi-

118 1451 348 1502 thawmicm,
390 1452 669 1506 lVranyclia);
708 1453 752 1492 in
786 1452 881 1493 aliis
913 1453 1216 1507 sphaerosporae
1250 1459 1485 1496 nascuntur
1514 1456 1557 1496 in
1588 1469 1658 1496 ra-

118 1519 245 1560 mulis
276 1518 440 1572 proprii
473 1519 656 1572 generis,
690 1519 762 1572 qui
795 1524 838 1560 et
869 1520 951 1573 ipsi
982 1521 1194 1574 posterius
1216 1523 1476 1574 proveniunt
1498 1526 1541 1564 et
1562 1526 1658 1564 tan—

118 1590 208 1627 tum
253 1587 296 1628 in
341 1592 459 1628 certa
505 1587 692 1640 quadam
723 1591 846 1641 parte
878 1588 1043 1628 frondis
1074 1588 1246 1641 (Rama
1276 1589 1546 1641 callitricha).
1607 1590 1657 1631 In

117 1655 361 1708 Gre'sfitlefsia
394 1655 549 1708 (Harv.
584 1655 712 1707 Pleyc.
745 1655 860 1696 Brit.
893 1656 971 1696 tab.
1004 1659 1090 1697 214
1108 1659 1183 1710 fiy.
1212 1659 1345 1712 3—4)
1376 1662 1418 1699 et
1448 1658 1657 1699 Bornetia

117 1723 420 1776 sphaerosporae
467 1727 728 1776 generantur
776 1724 892 1764 intra
937 1723 1218 1775 involucrum,
1257 1726 1369 1779 quod
1401 1726 1530 1767 ramis
1562 1726 1657 1780 plus

117 1791 256 1832 minus
288 1792 592 1832 transmutatis
624 1794 810 1842 constat3
843 1791 885 1831 in
918 1792 1135 1833 nonnullis
1167 1794 1367 1835 nimirum
1398 1795 1508 1835 rami
1538 1794 1655 1835 invo-

117 1860 301 1902 lucrales
332 1861 454 1902 unico
486 1864 684 1901 constant
716 1860 901 1901 articulo
934 1860 1087 1902 leviter
1118 1862 1293 1903 incurvo
1319 1862 1416 1915 (Gr.
1438 1863 1655 1914 corallina,

116 1928 192 1970 Gr.
224 1930 495 1981 offlmtz'oe'des,
528 1929 604 1971 Gr.
629 1929 993 1984 pleffllampleora);
1025 1930 1067 1970 in
1099 1929 1194 1971 aliis
1225 1930 1322 1980 (Gr.
1343 1933 1526 1985 setacea)
1558 1945 1654 1972 con-

119 2000 235 2037 stant
279 1996 478 2050 pluribus
524 1997 717 2038 articulis
754 2002 796 2038 et
837 1997 1005 2039 steriles
1037 2012 1177 2040 ramos
1208 2000 1347 2052 magis
1378 1999 1655 2050 aemulantum

118 2065 159 2105 in
191 2064 267 2106 Gr.
297 2065 471 2106 barbata
501 2066 656 2119 (Ham).
690 2066 817 2119 Phyc.
850 2066 930 2108 ΒΥ.
962 2067 1041 2108 tab.
1072 2071 1160 2110 281
1179 2068 1254 2121 fiy.
1286 2069 1420 2124 3-4)
1450 2069 1559 2110 rami
1591 2069 1655 2109 in-

118 2132 388 2174 volucrantes
421 2138 519 2175 sunt
550 2135 801 2185 tenuissimi,
829 2135 936 2188 pilos
960 2136 1172 2177 tenuitate
1194 2141 1428 2189 aequantes,
1452 2137 1655 2179 interiore

119 2214 192 2241 suo
239 2200 374 2242 latere
421 2201 736 2255 sphaerosporas
770 2206 982 2254 gerentes.
1041 2203 1091 2244 In
1124 2204 1340 2245 Pandorea
1372 2205 1474 2259 (Ay.
1506 2206 1586 2246 tab.
1617 2205 1654 2246 Ι.

105 2268 184 2321 fiy.
215 2270 349 2323 3—7)
380 2269 489 2310 rami
521 2269 806 2311 involucrales
839 2285 921 2311 non
952 2270 1078 2311 liberi
1111 2276 1357 2317 nascuntur,
1381 2273 1454 2314 sed
1477 2273 1654 2314 invicem

209 2381 242 2423 >
268 2380 362 2424 Typi
400 2382 587 2415 normales
626 2393 739 2424 supra
770 2382 875 2415 allati
908 2383 975 2416 sub
1001 2382 1135 2416 iisdem
1164 2383 1377 2418 nominibus
1399 2385 1474 2427 jsm
1500 2385 1538 2417 in
1565 2397 1654 2429 opu-

121 2439 241 2472 sculo:
270 2437 374 2481 Alyae
399 2438 667 2472 mediterraneae
694 2438 855 2472 Parisiis
882 2441 979 2473 1842
1006 2439 1196 2483 designati
1222 2440 1385 2475 fuerunt.
1426 2442 1589 2485 Kiitzing
1614 2441 1652 2475 in

121 2495 342 2539 Phycoloyia
366 2496 534 2538 [senerah
558 2496 678 2539 (1843)
710 2495 784 2528 alia
810 2507 897 2529 usus
925 2501 984 2529 est
1010 2497 1295 2541 terminologia;
1333 2510 1370 2531 in
1397 2498 1652 2532 tetrachocar-

120 2553 190 2595 piis
218 2552 317 2585 enim
345 2551 589 2595 spei-niatidia
615 2556 678 2584 aut
704 2552 928 2597 quadrijuga
955 2556 1018 2586 aut
1045 2553 1330 2597 quadrigemina
1350 2555 1549 2596 contineri,
1569 2567 1650 2599 quae

119 2608 252 2642 ultima
289 2613 351 2642 ant
388 2609 670 2653 rectangularia
707 2611 770 2641 aut
809 2609 960 2652 obliqua
987 2610 1114 2644 docuit
1143 2610 1456 2655 (Plcye.p.10()).
1506 2611 1652 2654 Naegeli

119 2666 240 2711 (1847)
278 2666 407 2699 modos
445 2665 680 2699 formationis
715 2676 906 2708 sporarum
935 2667 1105 2701 diversos
1134 2668 1206 2701 ”als
1234 2668 1504 2709 tetraedrische,
1529 2668 1652 2712 kuyel-

118 2722 405 2767 quadrsmtische
444 2721 517 2754 und
555 2721 788 2765 zonemwtiye
826 2722 1003 2756 distinxit
1043 2723 1196 2765 (Neuer.
1234 2724 1319 2767 Azy,
1360 2724 1459 2768 Syst.
1486 2735 1522 2767 p.
1556 2726 1650 2768 196).

119 2779 301 2813 Deeaisne
339 2780 492 2823 primus,
529 2778 567 2811 ni
604 2779 724 2820 fallor,
762 2782 870 2822 typos
909 2780 1079 2813 diversos
1106 2781 1301 2822 indicavit,
1329 2781 1420 2814 licet
1445 2781 1651 2824 descriptio

120 2836 220 2878 data,
261 2835 358 2879 quod
397 2835 537 2868 attinet
576 2833 883 2878 Peyssonelliam,
922 2836 1028 2879 lapsu
1066 2837 1223 2880 quodam
1263 2837 1396 2871 calami
1424 2837 1484 2871 vix
1510 2838 1650 2871 intelli-

120 2892 242 2935 genda
270 2892 330 2924 sit.

1519 2952 1559 2984 11
