1937 3315
314 200 390 240 176

311 312 453 352 ciebus
490 310 637 363 phylla
678 310 843 350 minuta
875 311 1049 364 propria
1082 310 1359 365 cystocarpiis
1391 311 1549 363 sparsis
1580 315 1679 352 sunt
1711 324 1848 364 praeg-

312 379 478 427 nantia;
512 378 553 417 in
586 377 944 427 Thamnoeloniis,
978 392 1159 430 quorum
1190 377 1364 418 frondes
1392 377 1559 419 steriles
1580 382 1678 420 sunt
1700 379 1848 420 tuber-

311 446 417 486 culis
450 445 736 486 verruculosis
766 445 908 494 rudes,
940 446 1106 487 fructus
1129 450 1392 498 generantur
1413 445 1455 486 in
1477 445 1636 499 phyllis
1653 447 1849 499 propriis,

311 514 447 554 forma
490 519 532 554 et
571 512 794 566 superficie
829 512 922 554 laevi
952 514 1194 566 insignibus
1227 514 1324 565 (Ay.
1355 513 1436 553 tab.
1469 512 1553 553 IX.
1572 513 1649 566 fi‘q.
1680 514 1741 566 8).
1801 514 1849 554 In

310 581 565 631 Martensia,
611 580 731 633 cujus
777 580 949 621 frondes
995 584 1192 621 constant
1238 580 1354 621 zonis
1401 579 1721 621 alternantibus
1752 596 1850 622 con-

311 649 443 702 tiguis
474 652 517 690 et
548 648 809 699 fenestratis,
833 649 1098 702 cystocarpia
1122 652 1388 703 generantur
1412 649 1455 689 in
1477 662 1583 689 zona
1601 648 1851 691 fenestrata.

311 718 360 758 In
407 717 614 759 Florideis
659 716 807 757 multis
853 717 1145 769 superioribus
1192 716 1461 770 cystocarpia
1500 730 1523 756 a
1561 730 1679 758 ramo
1711 722 1851 759 trans-

310 789 477 827 mutato
500 785 603 826 oriri
628 788 826 838 putarem
848 784 912 838 (in
934 785 1237 836 Rhodonwleis,
1257 784 1545 837 Delo-sserr'e'is,
1564 785 1852 840 Cleonmee'isss

312 855 354 895 in
387 855 497 904 aliis,
530 868 712 907 quarum
745 854 1013 907 cystoearpia
1044 868 1162 895 ramo
1191 858 1481 896 transmutato
1503 856 1687 909 analoga
1709 856 1852 896 forsan

312 938 480 977 quoque
512 923 822 964 consideranda
854 929 967 973 sunt,
999 924 1255 976 proveniunt
1286 923 1452 964 fructus
1483 924 1581 964 aliis
1614 924 1716 965 locis
1738 923 1852 964 fron·
1882 932 1886 935 ’

311 991 388 1040 dis,
436 1004 564 1043 quam
612 990 767 1042 quibus
813 990 920 1030 rami
968 989 1134 1031 steriles
1167 990 1416 1031 normaliter
1449 990 1702 1032 evolvuntur
1732 992 1853 1045 (Plo-

311 1061 523 1114 camsc'um).
600 1058 708 1100 Sunt
755 1059 827 1112 qui
874 1058 1186 1100 contenderunt
1231 1059 1488 1102 antheridia,
1538 1059 1854 1113 sphaerosporas

312 1134 354 1170 et
394 1129 662 1183 cystocarpia
694 1128 735 1168 in
769 1127 918 1168 eadem
951 1127 1088 1181 specie
1122 1128 1320 1180 generari
1353 1127 1504 1168 iisdem
1537 1128 1638 1169 locis
1670 1128 1852 1178 frondis3

312 1198 346 1239 si
389 1211 486 1238 vero
517 1197 606 1237 haec
637 1196 730 1236 loca
761 1195 1007 1236 accuratius
1038 1194 1312 1243 definiantur,
1346 1195 1556 1247 adpareat
1587 1195 1755 1235 diversa
1786 1209 1853 1235 or-

314 1278 426 1318 gana
459 1278 568 1318 saepe
601 1264 780 1304 diversis
812 1263 914 1304 locis
946 1277 1034 1304 esse
1067 1263 1220 1316 posita,
1254 1267 1296 1302 et
1328 1262 1507 1315 singulis
1530 1277 1605 1303 sua
1628 1267 1745 1304 certa
1763 1264 1852 1303 vin-

313 1334 451 1375 dicari
482 1333 575 1375 loca
607 1332 774 1374 natalia
806 1332 847 1372 in
880 1330 1028 1372 fronde
1061 1330 1285 1383 (Claudea,
1320 1330 1593 1381 Ploecmm'wm
1616 1330 1854 1382 Giyartfifnae

314 1402 473 1455 species
505 1402 620 1455 etc.).

425 1470 474 1510 In
521 1469 572 1509 iis
619 1468 840 1515 Florideis,
880 1482 1063 1520 quarum
1099 1467 1262 1508 cellulae
1301 1467 1344 1508 in
1383 1467 1553 1508 diversa
1585 1470 1725 1508 strata
1757 1481 1853 1508 con-

309 1539 564 1592 junguntur7
612 1537 786 1578 nucleus
832 1537 1074 1590 saepissime,
1122 1536 1155 1576 si
1194 1550 1275 1577 non
1307 1549 1487 1588 semper,
1520 1550 1545 1576 a
1576 1539 1711 1576 strato
1745 1536 1853 1576 inte-

314 1607 427 1647 riore
473 1611 706 1659 generatur
743 1631 793 1634 —
827 1605 1129 1658 sphaerosporis
1175 1608 1325 1645 contra
1372 1604 1412 1644 in
1461 1607 1597 1645 strato
1643 1604 1854 1645 exteriore

314 1675 679 1730 provenientibus.
740 1674 848 1715 Sunt
895 1679 1038 1715 tamen
1085 1674 1257 1727 species*
1298 1686 1404 1725 quas
1443 1672 1520 1714 hoc
1551 1678 1748 1726 respectu
1779 1672 1854 1713 ab-

318 1758 485 1785 normes
517 1743 803 1784 crediderunt.
852 1742 984 1796 Cujus
1016 1742 1210 1796 exempla
1232 1742 1372 1783 nescio
1394 1756 1447 1782 an
1471 1742 1607 1795 magis
1630 1742 1853 1795 conspicua

316 1811 568 1865 adpareant,
617 1826 746 1865 quam
793 1825 886 1863 quae
933 1825 984 1851 ex
1032 1825 1115 1852 una
1160 1815 1283 1864 parte
1329 1810 1453 1851 offert
1494 1811 1700 1863 Polyidos,
1733 1810 1853 1861 cujus

317 1880 584 1934 cystocarpia
628 1879 672 1919 in
718 1878 950 1931 spongiolis
989 1881 1114 1919 extra
1152 1878 1354 1930 paginam
1393 1877 1555 1918 frondis
1587 1877 1853 1918 efflorescen-

317 1948 433 1988 tibus
473 1946 746 2000 proveniunt,
779 1960 829 1985 ex
862 1945 1001 1986 altera
1032 1948 1155 1998 parte
1189 1945 1534 1997 Phaceloempm,
1567 1945 1686 1998 cujus
1719 1945 1852 1998 sphae-

318 2029 502 2068 rosporae
548 2015 591 2055 in
637 2014 798 2068 cryptis
830 2017 1091 2066 generantur
1122 2013 1303 2053 internis
1334 2027 1606 2065 organorum,
1639 2026 1732 2065 quae
1763 2013 1855 2065 ipsa

317 2083 595 2138 cystocarpiis
627 2081 783 2123 aemula
814 2082 997 2127 diceres;
1030 2086 1078 2122 ut
1110 2096 1207 2122 vero
1240 2081 1365 2122 hodie
1396 2084 1601 2134 utrosque
1634 2081 1708 2122 hos
1738 2080 1854 2121 fruc-

318 2157 387 2193 tus
434 2150 730 2203 intelligimus,
778 2150 944 2189 fructus
983 2148 1105 2189 allati
1137 2149 1273 2201 magis
1305 2148 1566 2200 adparenter
1597 2162 1723 2200 quam
1757 2162 1853 2188 vere

319 2220 372 2260 ab
406 2218 503 2259 aliis
535 2218 613 2258 hoc
644 2221 842 2269 respectu
875 2216 1081 2258 abludere
1113 2220 1377 2270 censeantur.
1440 2215 1488 2255 In
1522 2214 1728 2256 Florideis
1759 2214 1854 2256 Cal-

319 2285 667 2330 lithamnioideis,
702 2298 885 2336 quarum
916 2284 1087 2326 frondes
1116 2284 1296 2325 diversis
1319 2283 1469 2324 stratis
1491 2298 1574 2324 non
1597 2297 1854 2337 componun-

318 2360 402 2403 tur⁷
436 2369 512 2396 nec
543 2368 633 2396 esse
665 2353 799 2394 ullam
832 2354 1049 2394 fructuum
1083 2353 1218 2395 allato
1240 2357 1437 2406 respectu
1458 2352 1854 2406 diffe1·entia1n‚per

319 2439 361 2466 se
392 2427 526 2478 patet.

432 2491 619 2532 Primam
655 2491 863 2544 originem
895 2491 1259 2545 eystocarpiorum
1291 2490 1333 2531 in
1355 2490 1533 2531 diversis
1552 2489 1760 2531 Florideis
1781 2489 1855 2529 ob—

320 2561 522 2610 servanti⁷
554 2560 659 2600 mihi
685 2560 894 2613 adparuit
925 2574 1017 2601 eam
1051 2574 1140 2601 esse
1173 2561 1214 2600 in
1246 2559 1342 2600 aliis
1371 2559 1579 2600 Florideis
1602 2559 1749 2608 aliam;
1782 2557 1852 2598 sed

320 2629 641 2670 observationes
673 2628 724 2669 de
757 2628 834 2668 hac
866 2642 911 2668 re
943 2632 1113 2669 tantum
1145 2629 1186 2668 in
1218 2627 1490 2681 paucioribus
1522 2626 1754 2680 speciebus,
1780 2640 1854 2666 nec

321 2698 383 2738 ita
414 2697 469 2738 ad
501 2697 682 2750 primam
715 2710 848 2749 usque
879 2697 1087 2750 originem
1118 2700 1216 2737 sunt
1244 2699 1489 2749 persecutae.
1514 2698 1562 2735 ut
1583 2697 1744 2735 certam
1766 2694 1854 2746 opi-

322 2766 489 2806 nionem
522 2768 670 2806 contra
702 2779 772 2806 eos
803 2764 995 2817 proferre
1028 2765 1242 2814 auderem,
1275 2764 1348 2816 qui
1371 2766 1566 2804 statuant
1588 2762 1854 2815 (systocarpm

322 2833 506 2873 omnium
548 2833 590 2873 in
622 2832 762 2885 prima
792 2832 954 2885 origine
989 2833 1165 2873 sormam
1198 2832 1414 2884 quandam
1445 2830 1638 2871 omnibus
1670 2844 1854 2870 commu-

325 2913 416 2939 ncm
449 2899 663 2939 exhibere.
712 2899 871 2939 Bornet
902 2903 944 2939 et
976 2899 1152 2948 Thuret,
1175 2913 1354 2950 quorum
1379 2902 1442 2939 est
1463 2898 1504 2937 in
1528 2897 1606 2938 bac
1629 2911 1673 2937 re
1691 2912 1855 2938 summa
