1937 3315
290 212 368 251 184

285 327 526 363 tumescens
558 323 600 360 et
631 319 786 360 sensim
819 320 937 360 novis
970 319 1327 371 generationibus.
1353 320 1604 361 cellularum
1634 321 1822 362 subdivi-

286 404 368 438 sus,
401 390 449 429 fit
480 388 617 439 magis
650 387 875 438 magisque
908 387 1161 436 terminalis,
1185 387 1353 440 apiculo
1376 389 1715 440 supereminente
1738 394 1821 429 ste-

284 456 354 496 rili
399 456 442 495 in
489 454 604 495 latus
650 454 829 506 dejecto,
877 469 987 494 nunc
1025 455 1059 494 si
1096 458 1210 495 recte
1244 454 1423 495 viderim
1458 455 1698 496 abortiente
1732 456 1823 498 bre-

284 524 412 573 viore,
445 536 555 563 nunc
588 522 807 575 paulisper
839 522 1112 575 piliformiter
1142 523 1410 577 prolongato,
1441 538 1539 565 mox
1563 528 1707 566 autem
1729 540 1823 566 eva-

285 594 495 631 nescente.
541 589 643 639 Quae
676 589 753 630 sub
788 589 864 631 hoc
896 590 1081 631 articulo
1113 590 1248 631 fertili
1281 595 1381 631 sunt
1412 591 1599 644 pinnulae
1621 594 1824 645 proximae

286 658 383 699 dein
418 657 732 711 prolongantur
764 658 994 711 paulisper,
1028 662 1069 699 et
1102 673 1217 700 novae
1250 673 1418 712 quoque
1453 675 1477 700 a
1510 660 1720 702 lateribus
1752 677 1825 715 pa-

286 726 505 780 ginalibus
551 730 829 779 generantur,
876 727 1031 780 quibus
1062 728 1297 769 incurvatis
1330 728 1595 769 involucrum
1628 730 1824 770 efficitur.

287 794 356 835 Fit
402 794 537 847 igitur
582 794 758 835 nucleus
804 799 1094 837 maturescens
1128 796 1367 837 terminalis
1398 797 1552 849 (Hem).
1587 798 1713 850 Phys.
1746 798 1827 838 Br.

287 863 365 903 tab.
399 863 513 915 191),
560 863 661 915 quia
692 863 850 903 ramuli
883 862 1109 916 fructigeri
1142 878 1241 917 pars
1273 865 1591 917 supereminens
1624 865 1710 907 fere
1737 866 1828 919 jam

286 945 311 971 a
342 931 481 984 prima
512 931 676 983 origine
708 931 927 972 tabescere
960 933 1132 985 incepit,
1166 936 1208 973 et
1240 948 1335 973 mox
1369 934 1537 974 omnino
1570 935 1754 975 evanuit.

400 998 575 1040 Favella
619 1000 762 1040 rarius
807 1001 976 1041 omnino
1023 1001 1203 1042 indivisa
1245 1006 1287 1042 et
1324 1001 1504 1055 simplex
1542 1003 1829 1055 conspiciatur

286 1068 329 1108 in
376 1067 597 1120 speciebus
628 1066 813 1108 Ceramii
844 1068 944 1121 (Ay.
977 1069 1055 1110 tab.
1088 1069 1175 1110 HI.
1197 1070 1272 1123 figy.
1303 1071 1403 1115 22);
1449 1070 1603 1122 saepius
1635 1070 1830 1123 pluribus

288 1135 398 1176 lobis
444 1135 568 1186 quasi
614 1135 864 1188 composita.
926 1136 976 1176 In
1009 1135 1340 1181 Callithamniis,
1375 1151 1556 1189 quorum
1590 1139 1698 1178 rami
1731 1142 1830 1179 sunt

286 1203 455 1257 pinnati
487 1206 529 1242 et
561 1202 732 1252 alterni,
765 1216 874 1255 saepe
907 1203 989 1243 duo
1024 1203 1108 1244 lobi
1142 1207 1240 1244 sunt
1271 1204 1417 1244 eodem
1444 1209 1634 1257 tempore
1657 1205 1828 1249 evoluti,

288 1285 313 1311 a
344 1270 519 1311 rachide
552 1269 731 1310 diversis
763 1269 974 1312 lateribus
1007 1272 1263 1313 subdistenti
1296 1273 1450 1325 (Harr.
1485 1273 1611 1325 Phys.
1642 1274 1722 1314 Rs.
1751 1273 1829 1313 tab.

286 1342 389 1390 272,
421 1342 516 1390 125,
549 1342 646 1389 129,
680 1339 794 1392 136).
857 1339 923 1379 Ad
954 1340 1084 1381 imam
1117 1345 1284 1394 partem
1317 1356 1477 1391 eorum,
1510 1342 1582 1393 qui
1615 1348 1711 1381 sunt
1741 1354 1830 1381 ma-

288 1407 607 1449 turescentibus
653 1408 895 1460 gemmidiis
942 1408 1082 1453 farcti,
1130 1410 1256 1450 initia
1289 1424 1493 1450 novorum
1526 1424 1633 1462 saepe
1666 1409 1831 1462 conspi-

288 1476 459 1517 ciantur
491 1476 590 1529 (Ay.
624 1477 702 1517 tab.
735 1477 770 1517 Ι.
791 1477 866 1529 fiy.
891 1480 945 1518 18
976 1478 1032 1518 ad
1062 1492 1081 1517 ι’
1102 1482 1139 1518 (1¹15
1161 1478 1220 1529 d),
1254 1492 1349 1529 quae
1381 1478 1529 1531 primis
1562 1477 1724 1518 effoetis
1757 1491 1831 1517 suo

290 1544 438 1586 ordine
485 1544 750 1585 evolvantur.
812 1545 917 1586 Aliae
964 1551 1064 1586 sunt
1102 1547 1275 1599 species,
1308 1561 1490 1600 quarum
1522 1547 1629 1586 rami
1663 1559 1831 1598 quoque

289 1616 390 1653 sunt
421 1612 587 1653 alterne
619 1612 800 1665 pinnati,
832 1613 875 1654 in
908 1613 1065 1665 quibus
1096 1614 1240 1667 plures
1270 1614 1355 1655 lobi
1378 1614 1466 1655 fere
1488 1613 1832 1666 contemporanei

289 1681 544 1722 evolvuntur
575 1681 729 1733 (Ham).
764 1681 893 1734 Plesye.
926 1682 1005 1723 ΒΓ.
1039 1683 1117 1724 tab.
1150 1686 1186 1731 5,
1217 1687 1317 1730 230,
1348 1687 1469 1728 2551),-
1517 1682 1587 1723 sed
1620 1682 1831 1735 praecipue

288 1750 332 1790 in
385 1749 619 1803 speciebus,
670 1763 854 1802 quarum
905 1749 1070 1790 favellae
1123 1755 1221 1791 sunt
1267 1751 1507 1791 evidentius
1554 1750 1831 1791 involucratae

289 1817 441 1864 (Ham).
473 1818 500 1857 l.
531 1830 564 1857 c.
595 1817 673 1857 tab.
704 1819 817 1870 242)
862 1821 905 1858 et
951 1817 1099 1858 nucleo
1138 1818 1399 1870 adparenter
1431 1817 1645 1858 terminali
1678 1817 1831 1857 consti-

290 1889 395 1926 tutae
427 1898 536 1937 saepe
568 1885 930 1925 numerosioribus
962 1884 1070 1925 lobis
1102 1886 1443 1935 constituuntur,
1476 1885 1538 1924 ita
1569 1885 1611 1925 in
1632 1884 1831 1925 Griffith-

291 1954 362 1994 siis
394 1953 494 2005 (Ay.
527 1953 606 1993 tab.
640 1952 674 1993 Ι.
696 1953 771 2005 fiy.
804 1953 886 2005 11).
948 1952 1092 1992 Etiam
1139 1953 1181 1992 in
1220 1952 1286 1992 his
1318 1953 1430 1992 infra
1462 1957 1537 1992 aut
1569 1953 1684 1992 intra
1715 1952 1832 1993 lobos

291 2022 629 2062 maturescentes
676 2033 880 2060 novorum
917 2020 1099 2072 pignora
1130 2019 1308 2067 adsunt,
1355 2019 1553 2072 equidem
1587 2020 1627 2059 in
1660 2022 1734 2060 Gr.
1768 2033 1830 2059 ro-

289 2090 461 2140 rallma,
500 2088 653 2144 ‘fructu
690 2087 874 2128 feliciter
913 2087 1109 2137 dissecto,
1143 2087 1372 2128 secundum
1405 2088 1546 2128 stadia
1579 2088 1831 2129 evolutionis

292 2158 475 2207 diversa,
508 2156 804 2209 generationes
836 2154 945 2195 3—4
977 2154 1227 2207 dignoscere
1259 2155 1421 2208 putavi.
1470 2155 1558 2196 Hoc
1591 2155 1713 2195 modo
1735 2170 1831 2195 ‹Jon-

292 2227 412 2267 tinuo
444 2225 562 2266 lobos
594 2238 723 2265 novos
755 2224 931 2264 formari
963 2227 1178 2277 putarem,
1211 2223 1283 2275 qui
1316 2224 1465 2276 primis
1497 2223 1660 2263 effoetis
1682 2228 1725 2264 ct
1747 2223 1831 2264 dis-

292 2294 445 2335 solutis
490 2293 743 2334 succedanei
789 2306 917 2333 novas
956 2292 1254 2345 generationes
1287 2292 1610 2344 gemmidiorum
1644 2292 1729 2331 sint
1762 2306 1832 2344 ge-

294 2362 503 2404 neraturi.

406 2431 454 2472 In
486 2430 549 2478 iis,
583 2444 765 2483 quarum
798 2429 1028 2482 gemmidia
1060 2430 1392 2470 maturescentia
1421 2433 1519 2470 sunt
1542 2429 1668 2481 paulo
1691 2429 1832 2469 laxius

293 2501 534 2553 conjuncta,
582 2514 693 2539 nunc
730 2498 880 2539 eadem
912 2498 1091 2539 invicem
1125 2498 1187 2538 ita
1220 2498 1427 2550 disposita
1459 2497 1685 2538 observare
1720 2497 1830 2546 licet,

292 2573 340 2609 ut
385 2582 479 2620 quae
518 2568 695 2608 invicem
734 2567 929 2620 proxima
967 2567 1051 2607 sint
1089 2567 1203 2607 intra
1235 2567 1412 2607 eandem
1444 2566 1642 2607 cellulam
1675 2572 1830 2607 mater-

294 2650 391 2676 nam
423 2638 520 2676 orta
550 2634 720 2675 facilius
744 2634 823 2674 tibi
847 2634 1126 2687 persuadeas;
1160 2634 1433 2675 membranas
1454 2633 1702 2674 cellularum
1728 2648 1830 2685 quo-

295 2718 377 2755 que
410 2718 519 2743 nunc
542 2702 839 2751 evidentiores,
864 2716 974 2742 nune
997 2702 1324 2751 subdissolutas,
1349 2701 1692 2753 qualnssloquidcm
1716 2702 1830 2742 intra

294 2772 412 2812 lobos
453 2771 645 2824 juniores
690 2771 941 2823 dignoscere
974 2770 1092 2820 licet,
1125 2775 1320 2812 catervas
1353 2785 1450 2811 vero
1481 2785 1622 2810 omnes
1655 2770 1830 2821 gemmi-

294 2840 461 2879 ‹liorum
492 2838 743 2879 membrana
775 2838 984 2878 communi
1017 2837 1102 2878 lobi
1130 2838 1255 2878 simul
1278 2837 1604 2890 comprehensas
1625 2836 1728 2887 (Ay.
1750 2838 1831 2877 tab.

294 2907 330 2946 Ι.
350 2909 426 2958 fly-
455 2911 513 2948 20
543 2907 599 2947 ad
630 2907 688 2958 d).
749 2907 872 2947 Intra
903 2905 1093 2958 singulas
1125 2906 1303 2946 cellulas
1334 2910 1552 2946 maternas
1584 2920 1693 2946 nunc
1723 2920 1829 2958 pau-
