1937 3315
1601 161 1677 202 133

142 276 376 317 inserviant
412 280 458 316 ut
490 276 738 317 firmitatem
769 275 880 316 cauli
914 274 1113 316 tribuant
1144 279 1186 315 et
1218 274 1398 316 formam
1432 274 1675 324 rotundam,

142 358 226 396 qua
248 343 494 384 violentiam
519 343 729 384 undarum
754 343 911 393 vitant,
935 357 1029 395 quae
1053 346 1197 383 autem
1219 343 1261 383 in
1283 341 1497 383 Crouania
1519 346 1561 383 et
1577 341 1673 383 Cal·

141 410 380 451 lithamniis
402 411 646 451 formantur
666 411 738 451 fila
763 409 999 460 corticalia,
1022 424 1071 450 ea
1094 410 1315 463 systemati
1334 410 1514 450 radio-ali
1533 409 1673 463 quoad

140 478 377 519 functiones
423 478 637 531 pertinere
683 478 924 530 suspicatus
969 492 1072 517 snm.
1134 476 1235 527 Qua*r
1276 478 1318 517 111
1357 476 1672 530 Callophyllide

140 546 320 598 aliisque
367 546 619 587 evolvantur
664 545 827 586 cellula·
866 544 1165 586 interstitiales
1196 544 1341 585 forsan
1375 545 1543 585 demum
1576 558 1672 597 pro-

140 614 312 654 veniant
343 617 390 653 ut
422 614 534 653 inter
565 613 755 653 diversas
788 617 947 665 partes,
978 612 1225 665 (interiores
1256 615 1298 652 et
1320 612 1587 663 exteriores),
1609 611 1672 651 fa-

140 680 263 721 cilius
301 684 343 720 et
378 680 516 733 magis
553 679 718 720 directa
750 680 817 719 via
849 683 1166 720 commutentur
1197 678 1464 719 diversarum
1497 678 1671 720 cellula-

138 763 233 789 rum
279 751 493 788 contenta.
554 746 596 787 Si
643 761 789 787 verum
820 751 885 786 est
924 747 1035 798 quod
1068 747 1120 786 de
1151 746 1350 798 placenta
1379 746 1540 800 (strato
1573 746 1672 787 sub-

138 814 391 869 hymeniali)
435 813 669 854 multarum
716 813 1012 854 Floridearuni
1060 814 1301 865 suspicatus
1333 828 1438 863 suin,
1470 813 1670 854 nimirum

136 897 229 924 eam
275 897 364 923 esse
410 881 599 936 ejusdem
645 884 911 922 structuram
950 884 996 921 ut
1035 881 1077 920 in
1110 895 1159 921 ea
1194 885 1502 921 coacerventur
1533 881 1672 922 nutri-

136 955 292 994 menta,
340 964 434 1002 qum
482 949 698 991 sufficiant
743 953 791 989 ut
830 948 1054 989 evolvatur
1086 947 1414 1001 gemmidiorum
1447 962 1674 989 numerosa

136 1018 289 1072 proles,
335 1017 447 1059 idem
488 1017 633 1058 forsan
665 1016 871 1069 conjicere
902 1016 1002 1057 licet
1033 1015 1085 1056 de
1117 1018 1255 1055 strato
1288 1015 1483 1055 corticali
1512 1015 1672 1056 Bullia:

135 1086 389 1132 callim-iehan
422 1099 447 1126 a
478 1099 560 1138 quo
592 1084 762 1124 demum
794 1083 867 1124 fila
901 1082 1065 1123 fertilia
1095 1082 1308 1123 oriuntur.
1355 1081 1397 1122 Si
1429 1082 1562 1133 igitur
1585 1081 1671 1122 tela

135 1153 343 1207 primaria
388 1153 654 1206 potissimum
701 1165 751 1192 ea
795 1154 871 1199 est,
920 1150 1039 1203 cujus
1085 1149 1326 1190 evolutione
1359 1148 1482 1200 quasi
1515 1148 1671 1201 pendet

135 1222 273 1263 forma
318 1221 507 1263 exterior
552 1219 731 1269 frondis,
777 1218 886 1259 telas
924 1218 1183 1259 accessorias
1213 1217 1351 1269 magis
1382 1220 1522 1257 certas
1553 1216 1672 1256 func-

135 1289 272 1330 tiones
304 1288 537 1341 biologicas
569 1288 792 1340 respicere,
824 1286 968 1327 forsan
1000 1287 1095 1337 quis
1126 1285 1334 1326 crederet.

248 1356 307 1396 Ut
352 1355 562 1396 elementa
607 1354 704 1395 telae
749 1354 978 1407 primariae,
1024 1354 1086 1393 ita
1123 1353 1254 1394 etiam
1286 1366 1379 1405 qua*v
1412 1351 1671 1392 accessorias

135 1425 398 1466 constituant
444 1426 520 1464 aut
566 1423 713 1476 qualia
758 1423 812 1463 ab
852 1423 972 1463 initio
1005 1422 1197 1463 confecta
1229 1422 1314 1462 sint
1345 1421 1452 1462 talia
1483 1424 1670 1471 manent,

135 1496 211 1534 aut
257 1492 411 1533 sensim
442 1491 519 1531 sub
552 1490 792 1532 evolutione
824 1493 1051 1530 mutantur
1083 1493 1125 1530 et
1157 1489 1389 1539 aliquando
1423 1503 1552 1529 novas
1583 1488 1669 1529 for-

134 1574 225 1600 mas
256 1559 318 1600 ita
349 1558 590 1599 induuntur
622 1561 669 1598 ut
701 1558 771 1599 vix
803 1561 1175 1610 recognoscantur.
1223 1556 1336 1596 Yasa
1368 1556 1571 1608 elongata
1592 1555 1669 1596 fla-

136 1627 327 1668 bellatim
359 1626 577 1666 radiantia
609 1625 676 1665 hic
708 1624 796 1665 illic
828 1625 1087 1673 ‹licliotoma,
1119 1623 1268 1664 folium
1302 1623 1519 1663 internum
1541 1623 1668 1663 Jean—

135 1695 329 1736 nerettiae
370 1693 682 1747 percurrentia,
715 1693 758 1733 in
790 1692 1017 1733 meatubus
1048 1690 1440 1732 intercellularibus
1471 1690 1668 1743 proveni-

135 1763 264 1812 entia,
296 1766 339 1803 et
370 1761 683 1802 confluentibus
729 1760 924 1813 plurimis
970 1759 1135 1800 cellulis
1182 1758 1535 1799 interstitialibus
1573 1761 1670 1798 orta

135 1831 279 1872 videre
326 1830 508 1881 credidi;
554 1830 724 1871 demum
771 1843 868 1869 vero
915 1829 977 1868 lue
1024 1827 1189 1868 cellulae
1236 1826 1313 1867 sub
1350 1826 1487 1867 forma
1519 1825 1667 1869 allata,

134 1912 308 1952 prorsus
339 1897 526 1948 insolita,
557 1897 800 1938 obveniunt.

247 1965 411 2005 Praeter
441 1964 704 2005 mutationes
735 1963 1046 2005 elementorum
1074 1963 1163 2016 jam
1186 1961 1342 2002 allatas
1365 1961 1459 2002 aliae.
1481 1964 1667 2010 exstant,

135 2046 228 2086 quae
265 2032 409 2073 forsan
448 2031 731 2072 conficiuntur
762 2035 809 2071 ut
840 2031 1010 2072 omnino
1043 2030 1139 2070 aliis
1170 2029 1326 2070 finibus
1357 2028 1668 2069 satisfaciatur.

136 2101 184 2142 In
222 2100 443 2154 speciebus
474 2099 795 2152 Clu-ysymenioe,
828 2098 1094 2147 Gloe'osaccii,
1126 2097 1307 2150 aliisque
1339 2096 1462 2149 quasi
1493 2094 1667 2145 inflatis,

135 2167 312 2208 cellulas
358 2167 583 2208 interiores
619 2170 662 2207 et
692 2165 931 2206 adultiores
962 2165 1099 2217 inagis
1129 2164 1352 2216 magisque
1384 2163 1667 2216 grandescen—

135 2239 211 2285 tes,
244 2235 412 2275 demum
444 2237 595 2288 ruptas
626 2233 726 2283 vidi,
749 2237 792 2274 et
814 2233 857 2273 ni
879 2232 1021 2282 fallor,
1044 2231 1288 2273 dissolutas.
1334 2231 1456 2272 Intra
1480 2230 1666 2283 pericar-

134 2303 205 2356 pia
242 2302 378 2355 magis
416 2301 748 2342 intumescentia
779 2300 953 2341 nucleus
985 2298 1332 2352 quandoquidem
1365 2297 1554 2349 cingitur
1585 2295 1668 2336 cel-

135 2369 246 2418 luliS,
278 2382 371 2421 quae
403 2369 480 2409 sub
512 2368 750 2409 evolutione
783 2368 904 2420 quasi
936 2367 1243 2407 distrahuntur
1272 2365 1371 2417 (Ay.
1394 2365 1472 2405 tab.
1493 2362 1665 2404 XXVI.

123 2438 199 2490 fig).
230 2437 316 2489 19),
362 2450 473 2476 nunc
510 2435 718 2476 abeuntes
749 2435 791 2474 in
824 2433 1001 2474 cellulas
1033 2433 1168 2473 radiis
1199 2433 1363 2472 emissis
1394 2431 1666 2480 cohaerentes,

136 2518 248 2545 nunc
294 2503 425 2544 telam
462 2502 757 2543 transitoriam
789 2501 1035 2549 formantes,
1067 2499 1186 2552 cujus
1218 2499 1409 2550 reliquiae
1442 2513 1560 2538 secus
1592 2512 1667 2550 pa-

136 2573 287 2613 rietem
333 2569 564 2624 pericarpii
609 2567 937 2609 maturescentis
970 2567 1287 2619 conspiciantur
1318 2566 1418 2618 (Ay.
1451 2566 1530 2606 tal).
1564 2565 1666 2606 XX.

124 2642 199 2693 fiy.
231 2641 291 2693 3).
351 2639 452 2687 Quae
498 2636 670 2690 quidem
702 2635 866 2676 cellulze
899 2634 1173 2683 transitoria,
1206 2634 1240 2673 si
1272 2633 1392 2673 initio
1426 2633 1667 2673 formantur

137 2711 184 2748 ut
229 2707 530 2748 contineantur
575 2704 753 2745 invicem
790 2708 936 2755 partes
968 2701 1197 2755 pericarpii
1228 2714 1362 2753 nuper
1393 2704 1561 2749 creatas,
1594 2700 1665 2740 de-

137 2789 252 2815 mum
283 2773 456 2815 dissolvi
488 2772 631 2813 forsan
664 2772 882 2824 putaveris
917 2775 963 2810 nt
994 2773 1036 2810 et
1069 2769 1254 2822 spatium
1286 2768 1363 2809 fiat
1395 2767 1542 2809 nucleo
1575 2772 1617 2810 et
1641 2784 1666 2809 a
