1937 3315
284 194 308 234 8

284 305 449 345 oriatur
488 304 623 342 forma
654 298 880 350 regularis,
913 310 1042 350 quam
1072 296 1214 349 potius
1245 299 1375 338 autea
1407 300 1655 351 conceptam
1688 312 1817 351 quam

284 371 509 412 fortuitam
540 382 639 409 sanc
671 365 880 406 crederes.

397 438 440 477 si
456 449 555 477 vero
579 434 620 473 in
644 432 710 473 his
733 432 965 473 admodum
988 433 1231 486 compositis
1252 437 1295 475 et
1316 437 1462 475 tamen
1486 448 1616 486 quam
1634 435 1818 476 maxime

284 502 556 557 regularibus
602 499 826 541 frondibus
872 500 1142 554 perspicuum
1188 501 1243 541 sit
1288 502 1611 555 dispositionem
1648 506 1691 544 et
1722 518 1819 543 con-

283 571 512 613 cretionem
557 567 747 620 partium
793 567 900 618 fieri,
948 571 996 608 ut
1041 568 1271 620 unicuique
1318 583 1393 609 sua
1438 570 1613 622 propria
1653 570 1820 611 oriatur

283 640 432 686 forma,
478 633 649 675 facilius
693 634 840 676 forsan
880 635 1000 676 nobis
1031 636 1367 689 persuadeamus
1400 637 1690 678 concretiones
1721 652 1820 691 par-

284 706 403 751 tium,
436 715 530 754 quae
562 702 604 742 in
637 701 734 742 aliis
766 701 866 742 locis
898 703 1021 754 quasi
1053 704 1191 757 magis
1222 704 1412 745 fortuitae
1445 703 1697 757 adpareant,
1731 719 1820 745 cer-

284 778 373 813 tum
406 783 575 823 quoque
608 770 734 810 finem
767 773 975 822 spectare.
1037 771 1106 811 Ita
1137 771 1180 812 in
1211 772 1354 812 Horea
1375 772 1699 824 Halymem‘oide
1720 773 1820 826 (Ay.

287 839 378 880 Tab.
412 837 540 878 XIX.
561 838 639 889 fiy.
670 838 718 890 1)
750 851 850 889 pars
882 837 1063 878 inferior
1094 837 1256 879 frondis
1288 839 1546 880 decumbens
1579 840 1748 881 videtur
1780 844 1823 882 et

282 904 608 947 horizontaliter
646 919 851 958 expansa,
883 904 990 946 lobis
1023 905 1307 958 complanatis
1338 907 1579 960 centrifuge
1610 908 1821 950 radianti-

282 975 381 1024 bus3
412 977 461 1014 ut
481 976 630 1026 partes
647 973 851 1027 juniores,
876 973 1004 1014 simili
1026 988 1178 1015 norma
1200 989 1330 1028 supra
1352 975 1591 1017 adultiores
1609 991 1819 1030 expansae,

280 1043 357 1083 has
375 1042 509 1095 pinna
527 1040 714 1094 quadam
731 1041 917 1082 demissa
934 1044 1184 1095 attegerunt
1195 1042 1376 1095 (Aahx
1393 1044 1451 1084 ad
1467 1044 1526 1097 a),
1545 1049 1823 1086 concrescunt

280 1109 606 1163 adproximatae,
640 1111 682 1149 et
714 1109 907 1162 superior
937 1123 1039 1162 pars
1071 1123 1166 1150 Cum
1199 1109 1402 1151 inferiore
1424 1111 1548 1151 initio
1572 1112 1696 1164 quasi
1718 1126 1823 1152 ana-

281 1175 470 1227 stomosi‚
516 1175 615 1216 dein
651 1178 745 1217 tota
783 1176 1074 1229 conjungitur,
1106 1177 1169 1217 ita
1201 1180 1249 1216 ut
1280 1181 1428 1230 postea
1460 1193 1542 1218 non
1576 1178 1655 1219 nisi
1686 1179 1727 1219 vi
1758 1193 1821 1220 se-

281 1247 503 1297 parentur.
564 1243 660 1284 Una
704 1244 835 1297 pinna
873 1247 970 1297 post
1006 1244 1192 1286 alteram
1230 1245 1308 1286 hoc
1339 1245 1463 1287 modo
1495 1260 1590 1286 cum
1621 1246 1822 1288 inferiore

281 1312 442 1366 pagina
472 1314 685 1362 concreta,
718 1312 858 1352 oritur
890 1312 1061 1353 demum
1092 1312 1228 1353 nodus
1261 1314 1520 1365 compositus
1549 1314 1680 1354 ramis
1716 1315 1822 1355 irre-

281 1379 496 1431 gulariter
526 1379 789 1420 intertextis.
850 1379 1124 1421 Evolutionis
1156 1380 1321 1431 modus,
1354 1395 1482 1433 quem
1514 1381 1558 1421 in
1581 1382 1660 1422 hac
1683 1382 1822 1435 specie

281 1447 403 1497 sequi
432 1446 567 1497 licuit,
600 1446 688 1488 alia
719 1446 904 1500 explicet
936 1447 1133 1501 exempla
1165 1448 1381 1499 Cleamfflssffl
1403 1450 1610 1500 parvula»,
1642 1450 1823 1501 151001190-

281 1514 510 1554 domorum
541 1517 618 1552 etc.
657 1514 709 1555 de
741 1515 898 1567 quibus
920 1514 1034 1556 infra
1058 1515 1223 1569 loquar.
1258 1516 1307 1557 Ι11
1330 1516 1427 1557 aliis
1452 1517 1824 1570 —Rleodoffieyllis

282 1581 420 1634 ὒζίῑᾱα,
440 1580 713 1634 Οαῐῖορῖιῃῖίίε
732 1597 794 1636 sp.
812 1584 1051 1636 Eetofflesom
1068 1585 1267 1636 depressa
1284 1594 1297 1637 (
1304 1584 1384 1637 Ay.
1399 1585 1436 1625 T
1432 1586 1494 1626 ab.
1508 1585 1552 1625 X
1565 1585 1688 1637 Κήρ.
1707 1587 1753 1639 5)
1769 1610 1825 1615 h

284 1654 383 1690 sunt
415 1649 497 1702 ipsi
528 1650 758 1702 margines7
793 1652 866 1702 qui
896 1652 1018 1693 initio
1051 1652 1232 1693 fortuito
1265 1653 1557 1706 adproximati
1580 1656 1622 1694 et
1645 1653 1822 1705 conglu-

284 1717 426 1767 tinati⁷
474 1716 646 1758 demum
678 1718 867 1758 concreti
899 1720 1153 1761 cohaereant.
1187 1745 1235 1749 ——
1271 1720 1315 1761 Si
1346 1721 1554 1773 conjicere
1587 1720 1713 1761 liceat
1746 1721 1823 1762 has

284 1785 576 1826 concretiones
606 1785 650 1825 in
680 1784 897 1826 nonnullis
941 1786 1033 1827 fieri
1064 1791 1113 1828 ut
1144 1791 1296 1829 contra
1327 1788 1576 1829 violentiam
1608 1789 1824 1830 undarum

284 1853 421 1905 major
460 1852 710 1893 obtineatur
740 1852 883 1892 frondi
914 1853 1107 1905 firmitas,
1140 1856 1192 1897 de
1223 1856 1320 1896 aliis
1358 1870 1549 1908 quaerere
1582 1857 1681 1897 licet
1713 1873 1824 1898 anne

283 1919 563 1973 perficiantur
596 1923 644 1960 ut
675 1919 769 1972 ipsa
800 1921 938 1961 forma
970 1934 1064 1972 quae
1095 1926 1160 1963 est
1191 1925 1345 1976 speciei
1377 1926 1553 1978 propria
1579 1925 1822 1977 (slav-etia,

285 1987 476 2029 Clmsalea
491 1988 536 2043 a)
566 1988 744 2029 oriatur.
806 1989 857 2029 In
887 1988 1079 2031 Glamlea
1110 1996 1319 2042 praetcrea
1350 1994 1516 2034 obtinet
1548 1998 1596 2034 ut
1624 1994 1823 2035 foliorum

378 2080 411 2123 ²¹⁴)
437 2079 531 2113 Mihi
565 2079 717 2123 quidem
743 2079 987 2124 perspicuum
1014 2080 1180 2123 videtur,
1207 2086 1404 2117 externam
1431 2085 1588 2119 formam
1613 2085 1757 2119 frondis
1786 2086 1823 2119 in

285 2136 450 2172 Glauclea
476 2148 496 2169 a
521 2136 758 2170 formationis
779 2137 888 2170 modo
907 2137 1129 2170 cellularum
1149 2137 1249 2171 haud
1268 2142 1411 2173 tantum
1432 2142 1617 2186 pendere:
1646 2146 1687 2175 ut
1705 2142 1824 2175 forma

285 2195 317 2228 ei
356 2194 509 2238 propria
546 2193 690 2228 oriatur
728 2194 884 2227 cellulas
923 2205 998 2228 non
1037 2197 1184 2227 tantum
1223 2199 1326 2229 certa.
1353 2196 1563 2232 directione
1591 2199 1728 2241 evolvi,
1757 2199 1821 2233 scd

284 2251 454 2285 diversas
493 2250 651 2285 cellulas
691 2250 804 2284 etiam
842 2251 957 2284 certis
996 2251 1089 2285 locis
1123 2251 1379 2296 adproximari
1413 2257 1451 2287 et
1477 2265 1733 2292 concrescere.
1760 2267 1821 2289 ne-

284 2320 389 2343 cesse
416 2317 492 2350 est3
520 2307 559 2342 in
587 2320 733 2352 quoque
760 2308 891 2342 foliolo
919 2308 1065 2352 (jprimae
1095 2313 1132 2342 et
1160 2309 1336 2343 secundae
1364 2311 1638 2354 generationis)
1668 2312 1824 2356 insuper

283 2365 476 2409 margines
514 2368 778 2407 recurvantur,
818 2365 916 2408 quod
955 2365 1081 2399 forsan
1120 2365 1159 2399 111
1197 2377 1308 2400 causa
1350 2369 1408 2399 est
1445 2379 1510 2400 cur
1536 2369 1580 2401 al»
1608 2369 1698 2402 axili
1727 2369 1823 2402 serie

285 2435 381 2457 nova
407 2422 629 2456 cellularum
657 2422 774 2456 series
802 2426 1031 2465 provocatur
1056 2422 1142 2466 (Agl.
1169 2423 1238 2457 tab.
1269 2423 1443 2457 XXXII.
1464 2424 1524 2468 sy.
1552 2428 1723 2461 -30-33).
1768 2426 1824 2460 lta

285 2490 432 2523 quoque
470 2478 507 2511 in
545 2479 676 2512 multis
714 2479 973 2513 Floridearum
1012 2479 1217 2523 generibus
1257 2492 1364 2523 quam
1398 2481 1559 2515 maxime
1586 2483 1823 2517 naturalibus

285 2535 398 2569 facies
437 2538 596 2569 externa
628 2534 751 2569 oritur
778 2534 989 2575 dissimilis,
1017 2535 1108 2569 licet
1135 2540 1329 2570 structura
1354 2536 1515 2572 interior
1542 2539 1593 2572 sit
1618 2540 1822 2574 simillima.

286 2590 561 2635 Polysiphonioe
600 2591 657 2634 (P.
688 2590 912 2635 dendritica)
939 2594 976 2625 et
1011 2591 1153 2626 Gebala·
1177 2592 1244 2633 (G.
1271 2597 1432 2637 serpeus)
1474 2595 1618 2638 species
1653 2597 1822 2639 quaedam

286 2650 385 2688 sunt,
412 2647 451 2680 in
478 2647 612 2690 quibus
650 2647 805 2682 frondes
845 2648 891 2681 ad
918 2647 991 2681 alia
1016 2660 1176 2692 corpora
1202 2653 1411 2694 serpentes,
1440 2650 1497 2684 his
1524 2651 1574 2684 ita
1603 2652 1822 2687 adhaereant

287 2706 327 2734 ut
364 2714 437 2736 non
475 2703 548 2737 nisi
580 2703 619 2737 in
643 2704 857 2749 fragmenta
883 2704 1067 2749 disruptae
1095 2710 1337 2749 separentur3
1368 2706 1451 2740 aliis
1478 2707 1609 2741 horum
1637 2708 1820 2743 Generum

287 2759 482 2801 speciebus
520 2762 671 2794 erectis.
721 2761 826 2795 Hanc
858 2761 1120 2796 diversitatem
1148 2775 1167 2796 a
1192 2764 1352 2806 quadam
1379 2768 1580 2798 structurae
1607 2765 1824 2801 differentia

286 2814 451 2857 pendere
477 2816 626 2853 dubito:
666 2817 791 2860 potius
817 2818 1011 2852 crederem
1039 2818 1200 2863 singulis
1229 2819 1426 2863 speciebus
1455 2832 1557 2853 suam
1584 2833 1666 2855 csse
1693 2822 1820 2857 formae

286 2870 419 2913 ideam,
445 2883 527 2914 quae
554 2877 595 2906 ut
620 2873 830 2916 proveniat,
857 2873 921 2908 alii
948 2874 987 2909 in
1012 2875 1094 2909 aliis
1122 2875 1352 2911 adhibentur
1377 2876 1488 2911 modi.
