1937 3315
266 152 340 191 1345

260 264 302 303 in
348 262 526 303 diversis
571 259 803 302 individuis
834 260 1104 313 proveniunt,
1136 260 1199 300 ita
1229 263 1278 300 ut
1309 264 1386 301 aut
1416 262 1687 315 cystocarpia
1719 264 1796 302 aut

261 330 566 382 sphaerosporae
613 328 656 368 in
701 326 882 379 singulis
928 326 1162 368 individuis
1208 330 1465 378 nascantur3
1511 343 1610 369 raro
1651 333 1794 370 autem

259 396 482 437 individua
513 394 865 448 cystocarpiifera
896 408 921 435 a
943 394 1332 448 sphaerosporiferis
1355 394 1452 436 aliis
1474 395 1797 437 characteribus

259 463 593 517 (ramificatione
625 462 823 503 uberiore
855 463 898 502 in
930 461 1132 516 Hypaea)
1164 461 1487 515 dignoscantur.

373 529 512 572 Certis
549 530 686 583 igitur
725 529 985 583 quibusdam
1018 529 1343 571 characteribus
1373 530 1542 572 fructus
1573 531 1799 584 utriusque

260 599 427 652 generis
457 598 796 652 distinguantur.
845 597 895 639 In
926 598 1106 639 diversis
1139 613 1237 640 vero
1260 598 1471 640 Florideis
1492 599 1665 651 utrique
1688 598 1799 640 sruc-

261 670 331 706 tus
364 665 461 706 aliis
493 666 629 707 modis
660 670 902 716 mutantur,
934 666 997 707 ita
1030 670 1078 707 ut
1109 666 1176 707 cui
1208 666 1357 720 generi
1389 666 1636 720 pertineant
1667 666 1801 707 1110111-

262 734 484 774 ficationes
529 734 879 787 quandoquidem
926 734 1206 776 dubitaveris.
1268 734 1350 775 Diu
1382 748 1551 788 quoque
1582 734 1804 788 Algologis

262 803 524 856 praecipuum
556 802 640 842 fuit
671 816 777 855 opus
809 801 968 843 formas
998 802 1220 843 fruetuum
1252 802 1444 843 diversas
1475 802 1603 843 certis
1623 803 1803 844 nomini-

263 869 340 909 bus
372 869 619 922 designare3
652 883 758 921 quos
791 883 889 910 vero
921 869 1087 910 fructus
1118 869 1181 910 ita
1212 869 1404 920 favellas,
1427 868 1637 923 capsulas,
1660 884 1803 911 nema-

262 937 418 986 thecia,
452 937 654 978 stichidia
685 940 728 979 et
760 951 853 990 qua}
887 941 1032 979 cetera
1063 940 1164 978 sunt
1197 937 1541 983 denominarunt,
1575 937 1651 978 alii
1679 938 1807 980 aliter

262 1005 539 1058 interpretati
578 1009 687 1046 sunt.
750 1005 895 1045 Etiam
927 1005 970 1046 in
1001 1005 1202 1058 operibus
1233 1005 1546 1047 recentioribus
1577 1010 1619 1046 et
1651 1006 1806 1060 quibus

263 1087 429 1114 summa
474 1073 559 1113 fuit
597 1073 848 1119 auctoritas,
897 1087 979 1113 non
1011 1072 1148 1113 solum
1180 1072 1517 1114 modificationes
1550 1074 1808 1128 cystocarpii

263 1141 430 1181 diverso
462 1140 586 1182 modo
619 1140 966 1190 denominantur,
1000 1140 1083 1181 sed-
1105 1140 1237 1181 etiam
1269 1154 1363 1193 quae
1395 1144 1494 1182 sunt
1525 1141 1806 1184 modificatio-

264 1223 338 1249 nes
361 1208 485 1248 unius
507 1208 676 1260 generis
707 1207 874 1248 fructus
895 1222 972 1261 pro
994 1207 1133 1248 forma
1155 1207 1343 1261 quadam
1365 1207 1546 1250 alterius
1569 1209 1805 1263 designatae

266 1276 454 1316 fuerunt.
505 1274 630 1316 Soros
662 1275 1059 1327 spha=rosporarum
1090 1275 1133 1315 111
1164 1274 1322 1315 Iridaea
1353 1275 1527 1316 nucleos
1549 1277 1808 1330 cystocarpii

264 1343 380 1384 haud
413 1357 512 1384 raro
543 1342 755 1393 fecerunt3
790 1343 1107 1396 splnerosporas
1140 1344 1396 1396 compositas
1427 1358 1503 1396 pro
1535 1344 1704 1385 favellis
1731 1344 1807 1385 ha-

268 1411 465 1452 buerunt.
503 1410 590 1451 Nec
613 1411 758 1451 forsan
782 1410 908 1451 hodie
931 1410 1130 1451 omnibus
1151 1411 1214 1459 iis,
1238 1425 1420 1464 quorum
1443 1411 1486 1451 in
1508 1411 1631 1465 Algis
1652 1426 1807 1466 cogno-

266 1479 431 1519 scendis
478 1478 716 1519 laudantur
761 1492 905 1530 opera,
948 1481 1113 1519 certum
1144 1478 1316 1519 videtur
1358 1478 1554 1520 omnibus
1596 1479 1808 1522 Florideis

266 1546 478 1599 duplicem
510 1560 599 1586 esse
631 1546 833 1595 fructum,
867 1559 1023 1598 easque
1054 1560 1143 1587 esse
1176 1546 1400 1600 utriusque
1432 1547 1601 1600 generis
1632 1548 1809 1589 diversi-

266 1618 392 1663 tates,
425 1628 532 1667 quas
565 1613 825 1655 adumbrare
858 1617 1038 1654 conatus
1069 1628 1177 1655 sum.

378 1681 542 1722 Praeter
578 1682 849 1734 cystocarpia
881 1686 924 1722 et
956 1681 1274 1736 sphaerosporas
1305 1683 1485 1724 tertium
1516 1698 1650 1737 genus
1682 1698 1808 1737 orga-

267 1764 419 1789 norum
464 1749 637 1790 obvenit
684 1750 727 1789 in
775 1749 998 1799 Florideis,
1039 1764 1188 1803 nempe
1223 1750 1479 1802 antheo-idm,
1512 1766 1606 1805 quae
1639 1765 1807 1805 quoque

268 1817 434 1870 saepius,
476 1817 509 1857 si
544 1832 625 1857 non
657 1832 835 1870 semper.
870 1818 912 1858 in
945 1817 1125 1859 diversis
1156 1817 1391 1858 individuis
1423 1822 1698 1871 generantur.
1758 1813 1807 1860 In

270 1885 484 1925 nonnullis
531 1885 631 1927 haec.
679 1885 758 1925 sub
805 1885 943 1926 fornia
989 1884 1220 1925 admodum
1258 1884 1484 1938 conspicua
1522 1885 1806 1935 obvenientia,

265 1952 521 2005 jamdudum
552 1953 728 1993 inventa
760 1954 936 1994 fuerunt
967 1957 1010 1994 et
1043 1953 1130 1994 fere
1163 1953 1313 1994 statim
1344 1957 1393 1994 ut
1423 1968 1587 2007 organa
1610 1954 1807 2008 quaedam

269 2019 613 2060 fructificationis
645 2020 1006 2072 agnoscebantur.
1051 2020 1217 2061 Revera
1248 2021 1290 2061 111
1322 2021 1537 2062 nonnullis
1569 2022 1647 2063 sub
1670 2022 1809 2063 forma

269 2088 331 2128 ita
362 2087 570 2140 peculiari
602 2086 774 2137 adsunt,
807 2090 854 2127 ut
886 2101 980 2127 cum
1013 2087 1144 2128 nullis
1167 2087 1262 2130 aliis
1285 2087 1584 2130 Floridearum
1606 2090 1807 2142 partibus

269 2227 389 2271 igitur
416 2227 453 2259 in
480 2227 611 2260 eodem
631 2226 786 2270 caespite
807 2226 987 2261 obvenire
1007 2226 1169 2270 duplicis
1189 2226 1342 2270 generis
1362 2227 1463 2261 aliud
1485 2228 1676 2271 significat
1697 2241 1804 2272 quam

269 2285 419 2319 eosdem
446 2285 484 2318 111
511 2285 640 2318 eadem
667 2284 799 2318 fronde
826 2284 1014 2328 generari.
1054 2285 1090 2317 In
1119 2295 1232 2327 opere
1258 2284 1530 2328 Pringsheimii
1560 2286 1725 2330 (Illorph.
1745 2286 1808 2320 der

272 2342 383 2376 Mem:
412 2341 496 2385 Azy.
524 2341 594 2374 tab.
624 2340 692 2374 IV.
708 2341 776 2384 fig).
804 2344 824 2374 1
850 2344 882 2374 et
909 2343 946 2384 4)
974 2341 1283 2385 Spcrwotlefmmz'i
1306 2341 1438 2375 roseolrss
1463 2341 1554 2374 rami
1583 2342 1647 2376 alii
1674 2342 1806 2386 depin-

271 2402 413 2443 guntur
452 2397 793 2441 sphaei·‹·›sporiferi,
832 2397 895 2430 alii
928 2397 989 2440 qui
1022 2397 1059 2430 in
1087 2397 1216 2431 eodem
1245 2397 1451 2441 specimine
1478 2400 1658 2442 gererent
1684 2401 1805 2441 cysto-

269 2456 408 2499 earpia.
458 2455 518 2488 Me
540 2455 668 2498 judice
695 2458 818 2488 autem
846 2454 1019 2488 dubitare
1047 2454 1136 2488 licet-
1163 2466 1209 2488 an
1235 2466 1388 2498 organa,
1415 2454 1485 2488 hoc
1510 2455 1592 2489 loco
1619 2458 1807 2498 cystocar-

272 2512 328 2554 pia
369 2511 482 2553 dicta,
523 2522 612 2545 vera
649 2511 888 2554 cystocarpia
926 2511 1014 2544 sint.
1064 2511 1175 2554 Apud
1214 2511 1439 2545 novissimos
1467 2515 1640 2545 auctores
1668 2511 1806 2554 saepius

272 2568 487 2601 indicantur·
519 2579 662 2611 organa
687 2567 840 2601 diversa
864 2567 1169 2601 fructificationis
1196 2567 1460 2601 Floridearum
1488 2568 1527 2601 in
1553 2567 1682 2602 eodem
1708 2566 1805 2600 indi-

274 2623 383 2657 viduo
422 2623 698 2667 provenientia,
736 2623 833 2666 quod
861 2626 987 2656 tamen
1014 2623 1104 2656 mihi
1133 2626 1260 2657 manet
1286 2626 1395 2657 caute
1421 2622 1698 2656 observandum
1725 2622 1805 2656 ubi-

272 2692 430 2723 cumque
469 2681 595 2724 agitur
633 2680 677 2713 dc
716 2679 881 2723 organis,
921 2691 1001 2722 qua:
1029 2680 1149 2713 forma
1174 2692 1194 2712 a,
1219 2680 1314 2714 bene
1342 2678 1506 2723 cognitis
1535 2678 1806 2721 quodammodo

273 2737 464 2769 recedant.
515 2736 608 2768 Aliis
648 2736 738 2770 locis
776 2735 938 2768 indicavi
976 2747 1119 2779 organa
1156 2735 1384 2769 antheridiis
1424 2733 1561 2768 similia
1585 2736 1624 2766 et
1649 2745 1716 2777 pro
1742 2746 1803 2767 an-

274 2793 448 2826 ihm-iniis
476 2794 605 2827 habita
631 2793 761 2836 fuisse,
787 2804 870 2835 quac
898 2797 1001 2826 certe
1030 2805 1104 2827 non
1132 2804 1220 2827 vera
1247 2795 1335 2826 sunt
1361 2791 1588 2833 anffleridia,
1608 2794 1646 2824 et
1664 2803 1806 2835 organa

275 2850 558 2894 sphaerosporas
586 2850 816 2889 mundantia,
843 2861 925 2892 quae
953 2854 1079 2883 tamen
1106 2849 1167 2884 vix
1195 2850 1273 2883 sint
1299 2848 1586 2892 sphaerosporae.
