1937 3315
293 188 346 228 48

297 299 454 339 mutari
488 297 592 337 mibi
624 296 935 348 adparuerunt,
968 298 1053 339 sive
1085 299 1300 341 exsiccata
1334 302 1563 354 specimina
1595 304 1680 345 sive
1703 306 1831 346 antea

295 364 531 405 nmdefacta
581 362 871 414 experimento
913 378 1012 405 usus
1053 380 1158 406 sum.
1221 366 1436 415 Quasdam
1468 369 1601 422 igitur
1632 385 1721 412 esse
1754 373 1831 413 boc.

294 436 489 483 respectu
537 430 809 471 diversitates
848 432 889 472 in
928 432 1105 474 diversis
1141 433 1359 485 Florideis,
1391 436 1456 476 1115
1487 439 1683 479 omnibus
1714 441 1830 481 colli—

293 513 392 551 gere
424 498 535 538 licet.

404 565 490 606 Nec
524 570 693 606 tantum
727 566 769 607 in
802 567 978 609 diversis
1010 569 1168 622 plantis
1201 570 1263 611 hae
1291 572 1523 613 obveniant
1546 573 1830 623 diversitate&

292 635 363 675 sed
396 636 524 675 etiam
550 636 627 676 sub
651 636 830 677 diversis
854 638 949 678 vitae
973 639 1124 680 stadiis
1147 641 1397 682 membrana
1420 643 1583 684 0011111εο
1608 645 1831 697 cujusdam

291 703 431 754 quoad
469 704 791 745 consistentiam
838 708 995 747 mutari
1044 708 1224 749 videtur.
1288 710 1355 750 Ita
1395 711 1436 751 in
1469 711 1589 765 Algis
1621 713 1831 754 viridibus

290 771 479 823 sporidia
525 772 658 824 agilia
690 788 710 813 e
745 774 922 815 vinculis
966 776 1222 817 cellularum
1254 778 1550 831 egrediuntur,
1583 781 1831 822 membrana

290 839 454 880 cellulze
486 840 610 880 firma
643 845 758 881 certo
792 841 882 882 loco
915 847 1042 883 antea
1073 844 1133 884 ita
1165 849 1332 886 mutata
1358 851 1404 886 ut
1427 852 1673 899 permeatur
1697 849 1830 901 spori-

289 908 382 949 diis.
430 908 478 949 ln
500 908 718 950 Conservis
743 911 1005 963 simplicibus
1028 913 1242 953 nonnullis
1264 914 1474 966 (Lyrhoetv
1496 915 1536 956 J.
1560 916 1661 967 Ass.)
1684 916 1760 957 hoc
1783 918 1830 957 tit

289 977 343 1017 ad
362 977 548 1017 medium
570 977 762 1023 articuli:
786 978 827 1018 in
852 979 1070 1019 Conservis
1092 982 1270 1021 ramosis
1292 981 1516 1035 (Conswra
1539 983 1578 1024 J.
1596 984 1697 1038 Ass.)
1719 984 1831 1025 infra.

290 1045 576 1099 diaphragma
618 1047 813 1099 superius
845 1048 1036 1093 articuli:
1076 1049 1117 1089 in
1149 1049 1392 1102 Brysopsidc
1424 1051 1537 1091 intra
1568 1053 1731 1105 apicem
1763 1067 1831 1093 ra-

290 1114 518 1155 mulorum.
566 1114 818 1156 Membrana
853 1120 979 1157 antea
1012 1117 1132 1158 firma
1169 1118 1233 1158 bis
1266 1119 1366 1159 locis
1389 1120 1648 1174 expanditur
1670 1121 1712 1161 in
1734 1135 1831 1173 pro—

290 1181 541 1223 minentiam
575 1182 794 1233 quandam
828 1187 1065 1233 externam,
1099 1200 1227 1236 quam
1261 1187 1540 1228 consistentia
1572 1189 1708 1241 magis
1740 1203 1829 1230 mu-

288 1264 427 1290 cosam
477 1249 686 1291 crederes.
761 1250 847 1291 Sub
894 1252 1218 1293 foecundationc
1273 1254 1520 1301 IPmrclzwffl,
1572 1271 1827 1309 orgz‘tnorum

287 1320 546 1360 membranae
578 1321 856 1361 consistentia
888 1322 950 1361 ita
981 1323 1138 1362 mutari
1173 1322 1384 1373 videntur,
1416 1328 1465 1364 ut
1487 1328 1563 1364 aut
1581 1324 1828 1377 gelatimisa‘c

288 1391 559 1442 separantur„
607 1392 684 1429 aut
730 1394 1007 1441 pernieantur
1038 1390 1187 1430 activis
1221 1391 1495 1443 corpusculis.
1557 1392 1605 1431 In
1640 1395 1829 1432 mature-

287 1460 429 1496 scente
475 1455 619 1495 fructu
658 1456 919 1496 Mnmammjs
950 1456 1048 1508 (Agl.
1081 1458 1158 1498 tal).
1193 1458 1370 1498 XXIX.
1391 1460 1465 1511 jiy.
1498 1463 1522 1499 1
1552 1460 1594 1508 b)
1625 1459 1828 1500 aliarum-

288 1537 369 1575 que
416 1523 502 1564 vidi
548 1524 754 1564 articulos
796 1529 1067 1578 praegnantes
1110 1527 1197 1566 fere.
1230 1526 1369 1567 subito
1402 1527 1828 1580 vesiculeffla—prolon-

287 1595 424 1644 gatos⁷
456 1592 626 1633 demum
658 1594 776 1646 apice
809 1593 947 1633 soluto
979 1597 1126 1645 ruptos
1157 1594 1386 1647 gemmidia
1409 1595 1684 1637 sub—elastice
1707 1597 1828 1637 emit—

288 1664 399 1711 tere3
432 1660 547 1713 quod
580 1665 627 1700 ut
658 1660 865 1709 obtineat7
898 1661 1190 1701 membranam
1221 1661 1262 1702 in
1283 1665 1406 1714 parte
1431 1661 1631 1703 inferiore
1654 1663 1826 1703 articuli

287 1729 575 1769 substantiam
608 1729 829 1769 elasticam
862 1730 1059 1771 retinere.
1092 1729 1210 1782 apice
1245 1744 1340 1770 vero
1372 1744 1585 1771 mucosam
1610 1731 1713 1779 fieri,
1738 1746 1827 1772 cre-

288 1797 422 1839 deres,
484 1797 718 1851 Sporarum
765 1810 933 1848 1111011110
973 1811 1190 1850 egressum
1229 1802 1344 1838 certo
1376 1799 1466 1839 loco
1499 1814 1519 1839 0
1551 1799 1707 1840 cellula
1740 1815 1828 1840 ma-

289 1865 445 1915 tricali,
478 1865 605 1918 hujus
639 1865 718 1905 loci
751 1868 962 1905 mutatam
996 1865 1278 1905 substantiam
1314 1866 1502 1907 indicare
1534 1870 1746 1919 putarem.

401 1933 577 1985 Quoque
611 1933 653 1973 in
686 1932 857 1985 vulgari
889 1932 1042 1973 cellula
1077 1934 1321 1986 vegetativa
1343 1934 1549 1987 ejusmodi
1568 1937 1828 1978 imitationes

289 2002 448 2056 perfici,
496 2001 623 2041 certis
656 2002 752 2041 vitae
786 2000 950 2050 stadiis,
983 2000 1151 2041 facilius
1184 2001 1286 2042 mihi
1317 2002 1614 2054 persuadeam.
1674 2003 1828 2046 Obser-

289 2070 536 2111 vationibus
568 2069 731 2119 Mohlii,
765 2069 807 2110 in
829 2069 1032 2122 Cmfferva
1051 2070 1280 2120 sslomcmla
1303 2070 1441 2120 factis.
1460 2071 1714 2123 jamdudum
1732 2087 1827 2114 con-

289 2142 378 2180 stat
409 2138 616 2179 articulos
647 2138 882 2187 inferiores,
914 2142 962 2178 ut
994 2138 1230 2179 normalem
1253 2138 1562 2192 longitudinem
1586 2141 1827 2194 attigerint,

288 2222 370 2248 non
419 2206 602 2247 ulterius
639 2206 872 2246 increscere
906 2205 1185 2258 longitudine.
1245 2206 1364 2246 Inter
1398 2205 1625 2259 Algologos
1658 2221 1827 2259 1111011110

289 2275 518 2317 axiomatis
564 2276 653 2315 tere
693 2274 951 2315 certitudine
984 2275 1229 2324 assumitur,
1261 2274 1515 2316 relationem
1549 2275 1661 2316 inter
1693 2275 1827 2329 longi-

286 2343 526 2384 tudinalem
560 2346 603 2383 et
633 2342 965 2383 transversalem
1000 2341 1256 2382 diai'netrum
1287 2356 1376 2383 esse
1410 2343 1640 2395 unicuique
1673 2345 1827 2397 speciei

288 2412 504 2466 propriam
555 2411 770 2464 quandam
804 2414 846 2451 et
879 2411 959 2451 sibi
991 2415 1268 2451 constantem.
1330 2411 1569 2453 Articulum
1609 2426 1721 2463 vero⁷
1767 2413 1825 2454 ita

287 2480 554 2534 longitudine
602 2480 838 2529 definitum,
882 2493 1002 2532 posse
1033 2479 1119 2520 alia
1149 2479 1385 2520 directione
1418 2484 1459 2521 et
1490 2494 1542 2521 ex
1575 2484 1689 2521 certo
1722 2495 1826 2532 quo-

289 2549 385 2589 dam
433 2548 524 2590 loco
556 2548 727 2602 (nempe
759 2549 872 2588 intra
903 2547 1187 2601 diaphragma
1218 2548 1433 2602 superius)
1465 2562 1721 2595 excrescere.
1754 2564 1825 2589 no-

289 2631 474 2669 vumque
521 2617 560 2657 in
610 2631 777 2657 ramum
818 2616 951 2665 abire,
983 2615 1108 2656 facile
1140 2620 1204 2657 est
1236 2615 1465 2657 observatu
1495 2616 1594 2669 (Agl.
1627 2617 1704 2657 tab.
1737 2617 1825 2657 III.

278 2685 352 2736 fisj.
375 2689 404 2726 2
426 2687 540 2733 (1155).
603 2684 710 2726 Sunt
741 2685 901 2739 species
935 2699 1118 2736 quarum
1150 2685 1323 2726 articuli
1354 2700 1497 2727 omnes
1528 2686 1589 2726 ita
1621 2685 1663 2725 in
1685 2699 1826 2725 ramos

289 2759 555 2803 excrescunt.
604 2753 699 2794 aliae
746 2767 929 2805 quarum
976 2753 1149 2794 articuli
1187 2754 1343 2807 quique
1376 2753 1563 2796 secundi.
1595 2753 1713 2793 tertii
1745 2758 1823 2795 010.

289 2819 571 2861 evolutionem
606 2835 757 2861 novam
789 2821 851 2861 ita
881 2820 1100 2872 incipiant.
1148 2820 1373 2861 Nonnullae
1406 2824 1503 2861 sunt
1526 2833 1707 2871 quarum
1731 2825 1824 2862 tan-

290 2890 378 2926 tum
425 2887 465 2927 in
506 2889 686 2942 singulis
721 2889 822 2930 locis
853 2887 1041 2941 ejusdem
1076 2888 1262 2935 articuli.
1295 2888 1390 2929 aliae
1424 2888 1508 2928 sere
1541 2887 1685 2928 eodem
1721 2893 1823 2929 tem—
