1937 3315
322 191 374 232 34

315 303 431 344 filum
463 302 575 343 axile
606 304 648 341 et
679 299 881 340 corticale
915 302 1100 340 stratum
1132 300 1299 341 laxiora
1333 301 1406 342 fila
1436 303 1477 343 in
1510 302 1658 345 fronde
1679 304 1847 357 juniore

318 372 569 419 excurrunt,
601 369 643 408 in
674 367 888 408 adultiore
920 367 1031 408 idem
1064 370 1250 421 spatium
1283 375 1518 424 occupatur
1547 373 1688 413 valido
1712 377 1849 413 strato

314 437 563 478 intermedio
595 435 762 476 filorum
795 435 1140 477 densissimorum
1172 437 1267 491 (cfr.
1301 438 1496 479 tabulam
1529 441 1706 481 citatam
1740 441 1849 481 Har-

314 504 439 558 veyi).
491 502 685 543 Stratum
717 503 932 548 corticale,
956 504 1069 556 quod
1092 506 1134 546 in
1158 507 1342 547 sectione
1364 506 1452 548 fere
1476 508 1687 559 triquetra
1714 509 1849 561 partis

309 571 492 625 junioris
524 570 607 610 filis
637 571 1031 622 pauci-articulatis
1062 577 1104 613 et
1138 573 1406 615 brevioribus
1437 579 1633 617 constare
1667 576 1849 627 videtur,

313 640 355 680 in
403 639 586 679 sectione
632 639 870 680 rotundata
909 640 1140 682 adultioris
1171 643 1308 695 partis
1342 643 1424 684 filis
1456 643 1721 697 longioribus
1753 658 1849 684 con-

313 707 522 747 stituitur.
583 705 737 748 Omnia
782 708 929 761 igitur,
969 723 1062 761 quae
1102 711 1142 751 in
1176 711 1255 752 hac
1289 712 1426 765 specie
1458 712 1651 753 frondem
1683 727 1848 765 compo-

312 779 432 825 nunt,
480 778 619 816 strata
665 777 818 816 sensim
867 781 1103 828 mutantur,
1151 779 1276 820 simul
1314 794 1483 831 quoque
1515 783 1682 821 mutata
1713 780 1851 821 fornia

311 843 538 885 exteriore.
598 842 727 883 Aliud
759 848 822 883 est
853 843 995 885 Genus
1027 845 1280 897 Coeloclonfifi,
1327 847 1439 899 quod
1472 848 1525 888 ab
1556 847 1851 900 Ergyt710elom·0

311 913 372 952 ita
416 911 553 952 forma
589 910 746 958 differt,
786 915 834 952 ut
865 913 973 952 rami
1006 912 1209 953 laterales
1240 914 1366 967 liujus
1399 915 1440 954 in
1472 915 1548 955 illo
1579 920 1655 955 aut
1685 915 1849 956 deside-

311 982 473 1030 rentur,
505 982 581 1020 aut
611 979 754 1032 potius
786 994 865 1020 non
901 980 1070 1021 diversa
1102 981 1236 1021 forma
1271 982 1605 1035 distinguantur.
1668 983 1852 1024 Articuli

311 1047 687 1097 Coelocloniorum,
734 1048 807 1099 qui
854 1051 955 1088 sunt
1000 1053 1075 1089 aut
1113 1049 1380 1091 claviformes
1413 1054 1488 1091 aut
1519 1051 1674 1101 ovales,
1708 1066 1851 1092 omnes

311 1116 633 1170 prolificatione,
663 1117 705 1157 ni
728 1116 867 1158 fallor.
891 1118 1168 1169 proveniunt;
1201 1117 1402 1159 nimirum
1425 1118 1467 1159 in
1491 1118 1707 1160 Chondria
1727 1121 1851 1159 verte·-

310 1187 453 1227 emata
485 1186 639 1239 (Harv.
674 1185 800 1238 Phyc.
833 1190 965 1226 (matr.
999 1187 1077 1227 tab.
1111 1188 1216 1231 102)
1247 1186 1302 1227 ad
1335 1186 1598 1236 stricturam,
1631 1191 1707 1227 aut
1738 1187 1851 1228 infra

312 1254 483 1296 articuli
530 1255 707 1307 apicem,
739 1258 815 1294 aut·
847 1254 1079 1306 aliquando
1110 1269 1262 1308 parum
1296 1269 1425 1308 supra
1456 1255 1642 1295 medium
1674 1255 1848 1295 articuli

311 1322 484 1372 factam,
516 1323 731 1372 oriuntur,
764 1323 806 1362 in
838 1322 912 1363 (lh.
944 1323 1167 1363 mammam
1198 1323 1352 1368 (Ham.
1385 1323 1408 1363 ἶ.
1431 1337 1463 1362 (³.
1486 1323 1564 1363 tab.
1589 1323 1689 1376 147)
1712 1326 1753 1363 et
1776 1323 1849 1364 (fh.

311 1391 561 1443 Opamm'ozssde
591 1392 744 1445 (Ham.
779 1392 823 1433 F
824 1393 849 1433 l.
886 1393 1023 1433 Tasm.
1050 1393 1130 1433 tab.
1154 1394 1256 1445 159)
1288 1392 1342 1433 ab
1364 1393 1454 1444 ipso
1477 1392 1595 1444 apice
1618 1391 1850 1432 rotundato

311 1461 484 1501 articuli
529 1461 786 1514 generantis.
850 1461 898 1502 ln
945 1461 1162 1502 nonnullis
1208 1460 1351 1501 caules
1389 1460 1557 1501 demum
1596 1460 1850 1509 formantur,

312 1529 509 1570 articulis
542 1529 892 1580 coalescentibus,
925 1532 1001 1570 aut
1034 1530 1170 1581 magis
1201 1529 1494 1582 Cerci—formes
1519 1528 1736 1580 ramisque
1758 1528 1850 1581 pin—

312 1597 425 1637 natis
456 1597 585 1638 obsiti
616 1597 740 1650 (Coel.
773 1598 1090 1650 Mra-asscitwnl),
1129 1601 1204 1638 aut
1242 1597 1379 1649 magis
1411 1596 1778 1649 ΟῙΛΜἴτ’(θ-Ῑονθηας
1809 1596 1850 1636 in

314 1665 423 1712 aliis,
446 1666 578 1706 ramis
601 1666 861 1718 adparenter
883 1666 1325 1720 2—3-1mlychotomis
1342 1665 1527 1718 (Coelocl.
1546 1664 1850 1718 Opmztz'oides).

314 1732 498 1773 Articuli
530 1733 656 1786 hujus
687 1734 854 1786 speciei,
887 1734 959 1785 qui
991 1733 1132 1774 caules
1165 1733 1335 1774 demum
1368 1732 1649 1783 constituunt,
1682 1732 1735 1773 ab
1766 1733 1850 1773 ori-

314 1802 412 1853 gine
457 1801 527 1841 vix
573 1800 881 1853 dignoscantur
926 1800 980 1841 ab
1026 1801 1090 1851 iis,
1129 1801 1286 1852 quibus
1322 1800 1479 1841 ramuli
1512 1799 1724 1853 simplices
1755 1814 1850 1841 con-

314 1872 452 1918 stant,
483 1867 689 1909 differunt
719 1868 903 1920 denique
936 1882 1042 1908 nova
1074 1868 1350 1921 generatione
1382 1866 1648 1908 ramulorum
1681 1867 1736 1908 ad
1758 1869 1848 1921 api—

313 1951 403 1977 cem
447 1939 554 1986 orta,
603 1950 783 1988 quorum
829 1936 903 1976 alii
933 1961 989 1965 —
1019 1936 1173 1976 iterum
1222 1936 1439 1989 parientes
1472 1959 1523 1963 —
1557 1935 1729 1986 caulini,
1775 1936 1849 1977 alii

313 2004 526 2056 simplices
563 2008 749 2045 manent.
810 2003 964 2045 Caules
996 2004 1131 2058 igitur
1162 2003 1382 2045 indefinite
1415 2006 1704 2044 accrescentes
1738 2017 1849 2044 com-

312 2075 528 2126 ponuntur
559 2072 756 2125 partibus
783 2072 947 2112 ambitu
980 2071 1183 2122 definitis,
1209 2072 1361 2113 sensim
1385 2071 1584 2124 pluribus
1606 2075 1648 2111 et
1669 2070 1849 2111 coalitis.

424 2139 514 2189 Quo
546 2140 670 2180 inodo
702 2141 743 2181 in
776 2140 842 2181 his
873 2141 1117 2181 formantur
1139 2140 1281 2181 caules
1304 2139 1522 2180 indefinite
1545 2142 1848 2189 accrescentes,

313 2208 458 2250 eodem
490 2207 578 2249 sere
609 2209 740 2250 etiam
772 2209 815 2249 in
848 2209 1061 2250 Plocmnio
1092 2209 1305 2253 oriuntur,
1329 2207 1442 2260 quod
1462 2206 1715 2260 jamdudum
1738 2222 1846 2261 sym-

311 2279 470 2332 podiali
517 2278 747 2320 evolutioni
795 2278 985 2319 tribuere
1031 2277 1128 2331 (cfr.
1162 2278 1321 2330 Nceyeli
1353 2278 1502 2318 Nemer.
1534 2276 1629 2329 ΑΖΗ.
1661 2277 1772 2328 Syst.
1805 2278 1847 2316 et

311 2348 415 2399 Kwy
450 2346 767 2397 Aoee‘llarknosp.
791 2359 837 2398 p.
869 2347 945 2400 36)
991 2350 1313 2388 consueverunt.
1373 2344 1526 2386 Caules
1573 2345 1773 2385 nimirum
1804 2345 1847 2385 in

312 2415 539 2456 Plocamiis
584 2414 824 2455 formantur
861 2414 1196 2455 coalescentibus
1235 2413 1431 2467 partibus
1464 2413 1651 2453 dimidiis
1682 2412 1847 2454 foliolo-

312 2498 419 2534 rum,
467 2497 560 2535 quae
592 2482 769 2523 diversis
801 2482 1017 2535 pertinent
1048 2481 1407 2536 generationibus.
1470 2480 1677 2522 Foliolum
1710 2481 1847 2533 ipsum

311 2551 550 2592 aedificatur
595 2550 832 2592 evolutione
877 2554 922 2591 et
958 2550 1162 2591 divisione
1194 2549 1236 2590 in
1268 2548 1474 2590 articulos
1506 2548 1670 2589 cellulae
1702 2549 1845 2589 termi-

311 2620 432 2660 nalis.
493 2618 552 2660 Ut
598 2632 716 2658 suam
762 2617 942 2658 formam
988 2617 1208 2658 definitam
1257 2616 1446 2665 induerit
1486 2615 1690 2665 foliolum,
1722 2618 1845 2668 parte

313 2687 528 2740 superiore
573 2699 813 2727 accrescere
858 2684 1033 2736 desinit,
1080 2686 1123 2726 in
1160 2689 1284 2739 parte
1316 2684 1516 2725 inferiore
1550 2696 1646 2723 vero
1678 2684 1731 2724 ab
1764 2698 1845 2724 uno

313 2755 505 2808 margine
542 2768 658 2795 novae
696 2754 836 2807 pinnae
867 2754 1136 2806 proveniunt,
1169 2767 1243 2794 suo
1275 2752 1423 2794 ordine
1455 2750 1691 2792 subdivisae.
1754 2750 1845 2792 Sin-

313 2822 414 2873 gula
450 2822 596 2863 foliola
633 2837 716 2863 11110
747 2822 941 2874 margine
976 2822 1159 2875 integra,
1191 2821 1328 2863 altero
1360 2820 1654 2873 semipennata
1685 2819 1846 2860 diceres

343 2914 365 2919 —
396 2890 517 2929 inodo
562 2889 649 2930 fer<¹
693 2890 832 2931 Pteris
868 2891 1172 2942 semipeozwatce,
1205 2890 1422 2942 Clo-'stom‘oe
1452 2888 1735 2938 aliarumque.
1793 2887 1843 2927 In
