1937 3315
298 182 350 222 22

338 277 422 356 111.
484 316 555 354 De
585 312 775 353 Radiee
805 312 856 352 et
887 311 1125 362 partibus
1156 321 1269 362 quae
1301 313 1531 362 systema
1564 313 1791 356 radicale

701 379 1059 419 Floridearum
1091 379 1430 420 constituant.

408 493 527 532 Inter
572 505 717 530 omnes
765 492 933 530 constat
974 489 1183 542 quasdam
1215 490 1349 543 Algas
1381 494 1423 532 et
1456 492 1596 533 vivere
1629 507 1763 545 posse,
1796 498 1839 535 et

294 561 528 599 increscere
560 571 739 611 pergere
756 556 811 611 2¹<),
843 556 942 598 licet
964 556 1108 597 radice
1131 556 1377 598 destitutas.
1423 557 1644 611 Ejusmodi
1666 560 1837 611 formas,

295 640 389 679 quae
435 626 549 666 inter
595 624 718 678 algas
748 624 971 665 Olivaceas
1004 628 1046 665 et
1080 624 1299 666 Florideas
1331 626 1576 677 obveniant,
1609 631 1753 669 tamen
1784 630 1838 670 ab

294 694 416 735 initio
458 693 641 734 adnatas
672 693 817 737 fuisse,
851 693 1046 734 dubitari
1079 694 1243 747 nequit.
1305 693 1516 747 Equidem
1548 696 1712 737 nullam
1743 697 1838 738 Flo-

293 761 455 802 rideam
490 762 688 814 generari
719 764 836 814 puto,
870 762 990 815 cujus
1021 762 1142 803 nulla
1168 763 1223 803 sit
1245 763 1387 811 radix3
1421 778 1514 816 quae
1537 769 1680 806 autem
1703 765 1838 816 adest,

292 832 334 870 et
383 829 468 869 situ
507 832 549 869 et
585 828 723 870 forma
761 832 804 869 et
835 828 980 870 forsan
1012 829 1302 871 functionibus
1334 831 1375 871 in
1408 831 1587 873 diversis
1618 833 1840 886 speciebus

293 897 349 937 sit
381 896 563 937 diversa.

406 963 456 1004 In
487 963 637 1004 eadem
669 964 805 1016 specie
838 964 964 1005 radix
997 965 1228 1017 saepissime
1260 965 1441 1007 eandem
1474 966 1655 1008 formam
1678 972 1838 1019 servat,

291 1032 335 1072 in
371 1030 597 1085 permultis
637 1031 917 1072 constituitur
949 1031 1084 1073 caulis
1114 1032 1261 1073 infima
1292 1037 1430 1086 parte,
1464 1049 1595 1088 supra
1626 1040 1838 1078 sustenta-

292 1099 435 1141 culum
482 1099 697 1152 quoddam
743 1099 840 1152 plus
871 1100 1010 1141 minus
1047 1101 1293 1154 explanata.
1354 1101 1500 1144 Callus
1530 1104 1746 1155 radicalis,
1778 1105 1840 1145 ita

292 1167 516 1218 formatus,
548 1168 592 1208 in
623 1167 771 1208 multis
804 1168 1009 1221 majorem
1036 1169 1284 1221 assequitur
1306 1171 1622 1223 expansionem,
1644 1177 1686 1213 et
1708 1173 1751 1212 in
1774 1172 1840 1213 his

291 1234 530 1275 evidentius
561 1235 782 1288 propriam
812 1238 982 1288 partem
1013 1234 1181 1277 efficere
1213 1240 1354 1289 patet3
1390 1251 1499 1278 1111111·
1522 1239 1702 1280 sormam
1726 1241 1839 1281 coni-

291 1317 384 1343 cam
415 1301 758 1356 (Msslcmtlealia),
806 1316 917 1342 nuno
963 1302 1127 1343 discum
1173 1303 1454 1356 explanatum
1495 1306 1839 1359 (c'orclylm-wdae'a.

291 1373 425 1410 crecta¹
473 1369 603 1410 Ham.
652 1369 780 1423 Phgyc.
826 1370 943 1411 Brit.
980 1371 1061 1411 tal).
1092 1372 1193 1425 177)
1239 1371 1386 1412 refert.
1448 1372 1669 1426 Ejusmodi
1714 1376 1839 1416 radix

292 1441 385 1479 tota
424 1453 501 1479 sua
539 1437 763 1491 superficie
794 1438 995 1480 inferiore
1029 1440 1212 1492 scopulis
1243 1444 1320 1480 aut
1352 1440 1569 1494 lapidibus
1601 1445 1838 1486 arctissime

291 1507 501 1557 adhaeret3
564 1507 732 1548 cellulis
778 1507 936 1549 infimis
983 1523 1284 1562 unasquasque
1331 1511 1540 1553 substrati
1586 1513 1839 1567 iniquit-ates

292 1575 584 1627 sequentibus.
631 1575 666 1614 A
699 1576 919 1628 superiore
952 1577 1111 1629 pagina
1143 1578 1370 1619 adultioris
1401 1580 1558 1621 radicis
1589 1596 1718 1622 novos
1740 1596 1838 1622 cau-

290 1642 351 1684 les
382 1643 621 1695 provenire,
654 1644 1005 1696 quandoquidem
1037 1644 1204 1686 obtinet
1235 1647 1577 1702 (Melmctlmlia);
1623 1650 1666 1689 in
1695 1650 1838 1703 junio-

290 1711 410 1752 ribus
456 1710 582 1751 radix
626 1710 911 1752 evolutionem
944 1711 1108 1753 frondis
1140 1713 1349 1766 sequitur.
1411 1714 1460 1755 In
1493 1716 1709 1757 nonnullis
1742 1717 1837 1758 Flo-

290 1777 423 1819 rideis
469 1778 592 1819 adest
639 1779 764 1820 radix
797 1779 994 1832 quaedani
1025 1780 1197 1831 fibrosa,
1231 1781 1418 1835 analoga
1451 1783 1501 1833 ei,
1534 1798 1663 1836 quam
1696 1785 1837 1825 Lami-

290 1846 423 1887 nariae
470 1845 868 1888 characteristicam
915 1847 1015 1887 olim
1062 1848 1355 1899 crediderunt,
1404 1850 1465 1890 ita
1504 1851 1547 1890 in
1587 1851 1837 1893 Rleabdom'a

289 1914 517 1955 slcmlroz'dc
548 1915 701 1966 (Hurv.
735 1915 862 1968 Plagyc.
895 1917 1258 1970 (e12cst›·.t‹zb.1522)
1290 1919 1427 1971 magis
1459 1919 1644 1969 evoluta,
1676 1921 1718 1960 in
1741 1921 1837 1961 aliis

290 1981 511 2034 speciebus
541 1982 811 2034 Rlaabdom'oe,
843 1984 1043 2035 Sosim-iae,
1076 1984 1339 2037 (oystoelomess,
1368 1986 1653 2038 I⁴³et1v1¹llmicffi
1677 1988 1838 2029 Gelide‘i

289 2048 471 2102 aliisque
503 2050 643 2090 minus
674 2051 902 2103 conspicua
933 2051 1119 2092 obvenit.
1180 2051 1245 2092 Ex
1273 2053 1538 2106 juvenilibus
1572 2055 1836 2097 lthabdoniae

291 2117 596 2170 speciminibus
627 2117 763 2170 liquet
794 2118 996 2159 fibrosam
1028 2119 1217 2161 radicem
1249 2122 1353 2161 oriri
1385 2122 1454 2175 (ut
1486 2122 1528 2162 in
1559 2122 1835 2178 Laminariis)

289 2184 408 2225 fibris
439 2184 688 2226 adventitiis
718 2187 932 2239 posterius
965 2190 1007 2228 et
1039 2188 1192 2228 sensim
1224 2189 1425 2239 evolutis3
1458 2190 1582 2231 radix
1615 2192 1725 2232 enim
1748 2193 1835 2245 pri-

289 2254 427 2295 maria
457 2254 595 2295 minor
627 2254 872 2306 scutellata,
905 2256 959 2296 ab
991 2257 1137 2297 infima
1167 2261 1293 2310 parte
1325 2258 1459 2298 caulis
1490 2259 1726 2300 constituta
1754 2261 1834 2301 ini-

288 2321 348 2361 tio
380 2321 516 2372 adest,
548 2325 593 2363 at
623 2337 779 2376 parum
811 2323 982 2365 evoluta
1014 2328 1056 2366 et
1089 2325 1211 2378 quasi
1244 2326 1397 2366 sensim
1428 2326 1631 2367 obsoleta.
1695 2328 1833 2369 Fibrae

288 2389 538 2431 adventitiae
578 2391 710 2433 ramis
742 2396 939 2433 constare
972 2393 1185 2444 videntur,
1219 2395 1291 2447 qui
1323 2409 1419 2436 mox
1452 2395 1604 2435 deflexi
1638 2400 1679 2436 et
1711 2396 1833 2437 deor-

378 2527 410 2573 ²''‘)
438 2528 624 2574 Exempla
661 2531 756 2564 bene
795 2530 948 2575 cognita
985 2531 1021 2563 in
1063 2532 1242 2573 maribus⁷
1276 2545 1366 2576 quos
1396 2536 1661 2577 Sargassorum
1690 2535 1831 2572 dieunt,

287 2586 545 2626 obvenientia,
571 2586 779 2620 individuis
808 2587 1073 2632 Sargassoruni
1103 2591 1240 2633 saepius
1268 2591 1565 2630 cunstituuntlw,
1594 2603 1675 2634 quae
1706 2603 1723 2623 a
1750 2592 1830 2625 loco

287 2642 405 2675 natali
433 2646 586 2687 arrepta
614 2647 652 2677 et
678 2644 921 2679 currentibus
949 2646 1053 2688 aquis
1083 2648 1221 2680 oceani
1249 2648 1293 2680 ad
1321 2649 1399 2681 loca
1420 2648 1686 2690 tranquilliora
1706 2653 1828 2681 trans-

288 2702 449 2742 portata,
489 2700 546 2734 his
586 2701 678 2735 locis
712 2701 948 2746 colliguntur
973 2702 1180 2737 innumera.
1232 2705 1418 2738 Recentes
1448 2705 1523 2738 vidi
1550 2705 1654 2737 caule
1683 2705 1829 2738 inferne

289 2758 399 2798 rupto
426 2760 464 2790 et
491 2760 748 2800 putrescente,
776 2758 888 2791 ramis
917 2770 1080 2801 superne
1109 2760 1266 2803 vegetis
1306 2760 1347 2793 In
1374 2760 1535 2793 diversis
1563 2760 1721 2793 Oeeanis
1743 2765 1830 2794 sunt

289 2812 433 2854 speeies
460 2812 634 2849 diversae,
662 2825 744 2857 quae
772 2817 898 2847 tamen
924 2814 1033 2847 modo
1061 2815 1215 2849 vivendi
1242 2817 1400 2849 eundem
1428 2816 1504 2849 fere
1532 2816 1700 2850 habitum
1722 2818 1827 2850 indn-

288 2870 412 2901 untur.
461 2869 538 2903 lloo
564 2871 673 2905 modo
703 2871 869 2904 viventia
896 2870 958 2904 vix
984 2871 1229 2907 fructificant.
