1937 3315
1612 181 1667 222 95

131 295 227 337 Tab.
260 294 394 336 XIII.
415 294 490 348 fig).
522 296 580 349 5),
613 294 782 348 filisque
813 294 1009 349 pluribus
1040 297 1083 336 et
1114 294 1236 348 quasi
1267 293 1405 335 forma
1435 291 1574 346 magis
1595 291 1666 334 de-

128 364 259 405 finitis
305 364 607 410 constitutum
655 363 856 404 nimirum
902 362 979 403 sub
1025 365 1255 414 augmento
1291 360 1447 414 majori
1478 359 1552 400 fila
1582 359 1670 400 vidi

127 432 249 474 initio
282 431 770 473 nodoso-moiiiliformia
800 431 900 486 (Ay.
923 431 948 472 l.
970 431 1087 483 (nfigy.
1109 434 1135 471 7
1151 431 1211 484 a),
1243 430 1367 482 quasi
1391 428 1671 470 consisterent

128 500 250 542 nodis
295 499 528 548 distractis,
576 502 621 540 at
658 498 828 539 seriatis
861 501 902 539 et
933 497 1102 550 apiculo
1134 497 1422 550 conjungente
1454 495 1670 536 cohaeren-

128 568 262 618 tibus3
306 567 404 608 dein
437 567 536 608 nodi
568 566 839 619 elongantur,
871 569 914 606 et
946 565 1020 605 fila
1051 567 1264 618 apparent
1295 563 1533 604 constituta
1564 562 1670 604 arti-

128 635 235 676 culis
265 635 354 676 fere
384 633 669 688 cylindraceis
701 632 1136 681 anastomosantibus,
1169 645 1310 672 ramos
1341 645 1485 672 coecos
1517 630 1671 671 sensim

128 703 249 756 apice
295 701 468 742 inflatos
512 699 810 741 emittentibus
845 698 944 751 (Ay.
983 699 1007 739 l.
1039 712 1071 738 (κ
1092 700 1167 751 jiy.
1199 702 1225 739 7
1240 699 1295 752 b),
1340 712 1446 750 quos
1492 697 1672 739 cellulas

128 770 329 812 matrices
359 767 650 809 nucleolorum
682 765 852 807 efficere
884 765 1141 817 suspicarer.
1186 765 1296 805 Dum
1328 765 1406 806 hoc
1429 764 1553 806 modo
1574 777 1671 818 pro-

127 836 400 891 toplasmatis
430 839 521 876 rete
552 835 669 875 intra
700 833 901 874 cellulam
932 833 1122 874 fertilem
1154 833 1378 884 evolvitur,
1411 832 1671 874 numerosio-

127 920 194 947 res
237 904 348 946 rami
393 903 602 958 parietem
645 901 810 943 cellula
848 901 1063 942 intrantes
1094 901 1412 954 conjunguntur
1443 915 1538 942 cuin
1568 900 1672 941 reti-

127 972 222 1014 culo
267 972 482 1013 exteriore
514 995 565 999 ——
600 972 786 1010 stratum
832 971 1059 1009 externum
1096 968 1262 1009 frondis
1300 968 1586 1010 constituente
1620 992 1670 996 —-

127 1041 190 1082 ita
220 1044 269 1081 ut
299 1040 343 1081 in
373 1040 688 1080 maturescente
719 1036 864 1077 fructu
886 1039 1024 1077 totum
1047 1036 1245 1077 nucleum
1267 1036 1546 1089 compositum
1569 1036 1670 1077 den-

127 1112 237 1152 siore
283 1113 420 1152 strato
467 1108 637 1150 filorum
678 1105 1093 1148 anastomosantium
1125 1105 1312 1145 cinctum
1344 1104 1537 1145 videmus
1568 1103 1670 1156 (Ay.

125 1180 152 1220 Ι.
184 1192 218 1220 c.
237 1179 313 1232 fiy.
345 1179 408 1233 6),·
441 1191 517 1218 nec
548 1175 636 1217 alia
666 1177 879 1228 appareat
910 1173 1158 1215 differentia
1189 1173 1302 1214 inter
1332 1172 1408 1213 fila
1439 1171 1568 1213 strati
1590 1171 1671 1211 cir-

126 1245 459 1288 cum-nuclearis
503 1244 733 1294 exteriora,
779 1255 874 1294 quae
912 1256 937 1282 a
968 1244 1106 1282 strato
1138 1241 1350 1282 exteriore
1382 1239 1546 1281 frondis
1576 1242 1673 1280 orta

126 1315 304 1356 fuerunt
333 1313 434 1367 (Ay.
466 1313 492 1353 l.
524 1325 557 1352 c.
576 1313 651 1364 fiy.
684 1314 710 1351 6
740 1310 834 1363 im.)
880 1313 922 1350 et
968 1309 1189 1359 interiora,
1230 1322 1325 1360 quae
1357 1322 1382 1349 a
1412 1307 1496 1348 filis
1527 1309 1672 1360 proto-

126 1382 352 1436 plasmatis
397 1380 607 1433 originem
639 1378 802 1418 ducunt
833 1376 932 1430 (Ay.
964 1377 990 1417 l.
1024 1389 1054 1416 e.
1076 1377 1152 1429 fiy.
1184 1380 1210 1417 6
1232 1377 1341 1430 pr),
1387 1388 1518 1428 quam
1549 1375 1593 1416 in
1624 1388 1673 1415 eo

127 1450 241 1504 quod
273 1449 349 1490 illa
380 1449 446 1490 his
476 1447 605 1502 paulo
637 1445 849 1487 crassiora
880 1444 1093 1486 videntur.
1156 1443 1243 1497 Ipsi
1275 1444 1462 1497 parietes
1494 1442 1672 1484 cellula-

126 1532 222 1559 rum
252 1516 463 1558 fertilium
494 1514 571 1556 sub
603 1512 846 1555 evolutione
877 1512 1006 1552 strati
1037 1511 1415 1552 circumnuclearis
1437 1510 1558 1552 oculo
1575 1524 1672 1551 eva-

126 1599 299 1627 nescere
330 1584 547 1626 videntur.

240 1653 447 1695 Fructum
492 1651 630 1706 igitur
675 1663 934 1703 magnopere
980 1648 1264 1701 compositum
1303 1650 1346 1688 et
1377 1646 1558 1688 diversis
1588 1645 1672 1687 ele-

126 1723 282 1764 mentis
326 1721 608 1763 constitutum
654 1718 894 1771 Polycoelz'oe
939 1717 1055 1757 intra
1099 1715 1290 1769 singulas
1326 1714 1503 1756 cellulas
1541 1714 1673 1762 nasci,

127 1789 231 1830 mihi
262 1788 394 1830 nullis
423 1788 594 1829 omnino
624 1785 767 1826 dubiis
797 1798 950 1825 vacare
981 1783 1200 1837 adparuit.
1261 1782 1322 1823 De
1353 1782 1444 1835 ipso
1466 1796 1565 1823 vero
1587 1782 1671 1823 for-

127 1858 327 1899 mationis
356 1856 481 1898 modo
511 1854 656 1896 forsan
687 1868 770 1895 non
801 1866 921 1905 aeque
953 1854 1119 1892 certum
1151 1850 1424 1892 concluditur
1455 1864 1507 1891 ex
1529 1851 1672 1891 obser—

127 1925 386 1968 vationibus.
432 1923 476 1965 Si
506 1923 581 1964 fila
612 1922 740 1964 strati
761 1920 988 1963 exterioris
1010 1920 1198 1973 parietes
1219 1918 1384 1960 cellulae
1407 1918 1672 1972 praegnantis

127 1995 307 2045 intrant,
338 1993 484 2035 forsan
514 1992 771 2045 conjecturae
805 1989 922 2030 locus
953 1989 1022 2040 sit,
1054 1992 1194 2029 totum
1221 1987 1481 2040 adparatum
1502 1986 1670 2027 filorum

128 2063 296 2104 fructus
341 2063 496 2103 ducere
542 2061 750 2114 originem
787 2073 813 2100 a
843 2058 926 2099 filis
958 2056 1267 2107 exterioribus,
1313 2055 1427 2108 quod
1460 2069 1558 2096 vero
1590 2068 1673 2095 non

127 2132 190 2172 ita
236 2145 339 2182 esse,
385 2133 478 2170 tum
515 2128 589 2169 fila
619 2125 984 2181 protoplasmatiS,
1016 2124 1146 2166 etiam
1178 2123 1222 2164 in
1253 2122 1420 2164 cellulis
1451 2121 1672 2163 sterilibus

127 2199 369 2253 praesentia,
400 2202 444 2239 et
473 2211 549 2238 suo
577 2195 727 2237 ordine
749 2207 894 2236 coecos
915 2206 1057 2234 ramos
1078 2192 1290 2245 parietem
1312 2192 1526 2231 intrantes
1547 2188 1672 2230 emit-

127 2267 278 2318 tentia,
309 2266 513 2315 suadent3
545 2268 637 2305 tum
668 2263 792 2304 modo
823 2261 992 2302 diverso
1023 2259 1247 2314 probatur,
1279 2272 1363 2311 quo
1389 2257 1509 2311 jodio
1540 2256 1672 2309 adpo-

129 2335 210 2376 sito
240 2336 469 2374 mutantur
500 2331 575 2373 fila
606 2330 812 2372 interiora
844 2331 887 2369 et
918 2327 1155 2377 exteriora3
1193 2329 1285 2366 tum
1316 2325 1501 2378 denique
1532 2324 1671 2364 diver-

129 2403 260 2443 sitate
304 2400 530 2451 crassitiei,
562 2413 655 2453 quae
686 2399 817 2439 etiam
849 2397 893 2436 in
924 2396 1070 2436 fructu
1101 2397 1273 2435 maturo
1305 2393 1419 2434 inter
1450 2391 1523 2432 fila
1553 2394 1671 2431 exte-

128 2471 246 2511 riora
281 2472 325 2509 et
356 2468 565 2509 interiora
596 2466 724 2507 strati
755 2462 1132 2504 circumnuclearis
1178 2461 1448 2501 observatur.
1509 2458 1673 2508 Quibus

130 2537 303 2591 quidem
335 2535 631 2585 consideratis,
653 2533 796 2587 potius
818 2535 1015 2585 putarem
1039 2529 1114 2570 fila
1135 2529 1302 2569 fructus
1324 2527 1532 2569 interiora
1548 2526 1672 2578 quasi

129 2604 376 2646 immediate
407 2618 433 2645 a
463 2602 548 2644 filis
578 2599 930 2655 protoplasmatis
961 2598 1112 2645 creari,
1145 2596 1268 2638 modo
1299 2595 1387 2636 fere
1418 2594 1565 2636 codem
1587 2606 1671 2645 quo

130 2674 295 2715 fructus
340 2671 687 2726 Myxomycetum
719 2669 805 2710 suis
837 2665 1146 2709 membranulis
1178 2663 1516 2705 circumdantur.
1576 2660 1671 2702 Sive

131 2739 423 2794 protoplasma
460 2738 538 2779 sub
570 2751 657 2777 una
688 2735 839 2786 forma,
872 2734 958 2776 sive
991 2733 1070 2775 sub
1102 2732 1243 2774 altera
1273 2730 1487 2781 obveniat,
1519 2729 1670 2770 iisdem

130 2807 354 2850 elementis
385 2804 664 2858 compositum
696 2802 912 2853 crederes;
943 2804 986 2842 et
1017 2801 1051 2841 si
1083 2814 1168 2840 uno
1200 2799 1290 2839 loco
1322 2798 1438 2838 intra
1468 2796 1671 2838 cellulam

131 2875 349 2930 quandam
380 2872 620 2929 (sacculum
652 2870 917 2924 embryonis)
939 2881 1206 2910 numerosam
1229 2864 1484 2906 cellularum
1506 2864 1669 2917 prolem
