1937 3315
318 165 370 205 ΞΟ

318 279 539 328 occupant,
574 275 771 327 siphones
805 276 1074 326 quorundam
1107 276 1391 319 articulorum
1421 280 1462 321 in
1486 296 1638 324 novam
1661 284 1862 325 directio-

316 356 411 381 nem
442 340 718 393 prolongatos
740 340 885 381 videre
908 341 1020 388 licet,
1045 343 1293 395 siphonibus
1315 346 1494 389 alterius
1517 349 1703 392 dimidiae
1725 354 1863 405 partis

316 408 423 447 rami
470 407 632 447 nullam
665 408 952 449 mutationem
984 411 1279 453 subeuntibus.
1342 414 1422 464 Qui
1458 431 1554 458 vero
1586 423 1685 460 sunt
1716 420 1756 460 in
1790 436 1861 461 110-

316 489 409 515 vam
444 474 723 516 directionem
754 476 1002 530 prolongati
1034 479 1230 532 siphones
1261 483 1413 523 sensim
1447 485 1706 527 ordinantur
1728 488 1769 528 in
1792 503 1861 527 ar-

315 542 469 583 ticulos
514 543 609 583 novi
655 546 941 586 excrescentis
982 548 1155 589 ramuli.
1214 549 1264 590 In
1297 551 1554 603 quibusdam
1586 556 1805 608 speciebus
1837 571 1862 597 a

313 624 432 650 ramo
471 611 689 652 matricali
721 617 972 655 constanter
1004 615 1086 656 duo
1120 617 1276 658 ramuli
1309 619 1552 671 pariuntur,
1583 623 1626 662 in
1659 623 1755 663 aliis
1787 637 1861 664 sae-

313 678 408 730 pius
440 681 540 727 tres,
573 679 754 721 fortuito
786 683 856 722 4-
871 684 909 733 ὃς
942 684 1127 735 articuli‚
1161 687 1232 738 qui
1267 702 1395 728 novos
1426 695 1636 741 generant
1658 692 1860 739 ramulos,

314 760 548 799 numquam
594 748 784 802 contigui
831 754 943 801 sunt,
991 752 1063 792 sed
1096 753 1275 805 singulis
1307 756 1611 799 semiarticulis
1643 759 1861 800 sterilibus

312 818 584 867 separantur.
646 815 756 856 Dum
807 817 871 857 11ae
917 819 1199 871 perficiantur
1230 824 1492 865 mutationes
1524 826 1565 866 in
1600 831 1723 879 parte
1754 828 1859 868 inse—

311 883 437 933 11010,
470 897 579 936 apex
612 886 721 925 rami
754 888 1015 938 generantis,
1043 889 1131 940 jam
1167 894 1296 931 antea
1318 892 1548 943 confectus,
1581 895 1635 934 ad
1660 909 1730 935 eas
1763 910 1859 948 pro-

311 950 525 991 vocandas
558 951 667 992 nihil
700 952 895 993 contulit.
944 953 1025 1003 Qui
1048 956 1184 1008 igitur
1206 957 1248 997 in
1272 957 1487 1000 l'locamio
1509 962 1768 1013 proveniunt
1791 977 1859 1003 ra-

309 1017 415 1058 muli
464 1019 573 1069 novi,
620 1019 740 1060 nobis
780 1020 1007 1063 adventitii
1047 1023 1259 1071 videntur,
1292 1030 1441 1079 utpote
1473 1042 1557 1069 una
1590 1043 1682 1069 cum
1716 1030 1860 1071 evolu-

309 1086 423 1127 tione
456 1087 567 1127 rami
598 1089 849 1140 generantis
880 1089 997 1130 haud
1028 1093 1134 1143 nati,
1166 1107 1241 1134 nec
1263 1094 1317 1135 ab
1340 1095 1445 1136 axili
1470 1096 1628 1138 cellula
1650 1098 1858 1150 inchoati3

308 1153 742 1196 animadvertendum
774 1170 874 1197 vero
907 1161 971 1198 est
1002 1158 1077 1199 hos
1108 1161 1308 1210 ramulos,
1342 1176 1448 1215 quos
1476 1163 1738 1207 adventitios
1760 1180 1858 1207 cen—

309 1235 477 1262 seamus
510 1223 553 1263 in
584 1222 813 1275 Plocamio,
846 1226 969 1278 quasi
1002 1241 1027 1267 a
1059 1227 1224 1269 cellulis
1245 1231 1375 1271 certis
1396 1233 1636 1284 provenire.
1683 1234 1859 1276 Obtinet

308 1293 518 1343 praeterea
550 1291 663 1344 quod
697 1293 739 1332 in
774 1307 859 1334 una
891 1295 1028 1346 spec-ie
1061 1295 1263 1338 l’locamii
1295 1299 1383 1351 (Pl.
1408 1300 1700 1343 Rwe'ssimmm
1723 1303 1857 1344 Ham.

309 1358 438 1410 Phyle.
461 1364 594 1401 (lustr.
617 1361 697 1402 tab.
719 1363 795 1415 63)
828 1376 944 1403 novae
976 1367 1123 1416 partes
1155 1365 1240 1406 alio
1272 1381 1441 1420 quoque
1473 1369 1711 1411 adventitio
1734 1371 1858 1412 modo

308 1430 590 1478 generantum
636 1429 744 1469 rami
793 1430 997 1471 nimirum
1043 1434 1209 1474 caeteris
1256 1434 1414 1475 similes
1460 1450 1627 1490 quoque
1675 1452 1700 1479 a
1737 1439 1857 1481 caule

308 1492 524 1535 adultiore
569 1496 841 1548 proveniunt,
875 1498 947 1550 qui
980 1512 1005 1539 a
1037 1500 1203 1541 cellulis
1234 1503 1362 1543 strati
1394 1504 1625 1556 corticalis,
1657 1506 1735 1547 hoc
1767 1507 1857 1548 loco

307 1560 537 1602 admodum
570 1563 745 1615 evoluti,
778 1564 987 1618 originem
1022 1567 1176 1609 ducere
1207 1569 1422 1612 videntur.
1483 1571 1532 1613 In
1553 1573 1750 1626 pluribus
1772 1574 1857 1615 sor-

306 1630 399 1679 mis,
432 1644 540 1682 quas
572 1631 626 1671 ad
659 1631 898 1673 (lcraftm'mn
919 1634 1091 1675 rubrmn
1113 1635 1309 1677 referunt
1331 1637 1544 1692 Algologi⁷
1567 1644 1609 1681 et
1630 1642 1739 1682 rami
1763 1642 1855 1695 pin-

307 1697 441 1737 natim
474 1697 683 1751 dispositi,
716 1704 758 1740 et
790 1701 1013 1742 secundati
1049 1716 1158 1756 saepe
1194 1706 1464 1757 proveniunt,
1502 1708 1575 1760 qui
1611 1709 1717 1749 1111111
1758 1714 1856 1751 sunt

306 1764 546 1813 adventitiL
581 1779 712 1818 quum
743 1781 768 1807 a
800 1771 938 1809 strato
970 1770 1163 1811 corticali
1196 1772 1411 1824 oriantur3
1444 1775 1545 1827 quin
1578 1775 1707 1818 immo
1738 1777 1854 1831 frag-

305 1836 493 1874 mentum
543 1834 753 1886 ejusmodi
799 1835 977 1887 frondis,
1024 1838 1102 1879 sub
1141 1840 1252 1879 vitro
1283 1841 1512 1894 obtegente
1545 1847 1748 1895 rotatum,
1782 1847 1854 1887 ob-

306 1901 497 1941 servanti
544 1905 730 1942 str-atum
776 1904 982 1945 corticale
1026 1919 1052 1945 a
1094 1907 1202 1947 serie
1240 1908 1508 1961 cellularum,
1540 1911 1695 1964 quibus
1727 1913 1855 1955 axilis

305 1967 422 2008 frons
468 1970 762 2015 constituitur„
810 1971 995 2013 solutum
1028 1988 1113 2015 una
1144 1990 1238 2016 cum
1270 1990 1391 2018 ramo
1423 1978 1662 2021 adventitio
1694 1981 1852 2030 videre,

305 2035 409 2075 mihi
442 2037 638 2091 contigit.

419 2102 468 2143 In
500 2104 649 2145 multis
682 2105 890 2148 Florideis
922 2122 1086 2162 organa
1117 2109 1464 2153 fructificationis
1495 2128 1520 2154 a
1542 2115 1851 2159 transformato

304 2169 405 2211 folio
451 2175 527 2211 aut
572 2186 692 2214 ramo
737 2175 947 2227 originem
984 2176 1139 2218 ducere
1172 2179 1385 2221 videntur.
1445 2183 1547 2230 Quae
1581 2198 1679 2225 vero
1710 2188 1851 2227 trans-

304 2238 498 2281 formatae
529 2246 689 2294 partes,
722 2257 831 2297 ι030110
864 2244 963 2285 aliis
994 2245 1099 2287 locis
1131 2262 1260 2300 quam
1291 2249 1485 2303 analogae
1517 2251 1685 2293 steriles
1709 2253 1849 2306 dispo-

305 2306 409 2355 sitae,
442 2308 606 2361 origine
638 2310 885 2352 adventitiae
918 2318 1190 2355 censeantur.

416 2374 617 2427 Gemmae,
648 2382 796 2431 partes
828 2380 1020 2422 novellas
1051 2381 1197 2435 plures
1220 2384 1641 2437 comprehendenteS,
1663 2388 1849 2429 exterio-

301 2441 509 2495 ribusque
555 2444 844 2488 fulcrantibus
889 2451 1026 2500 tectae,
1072 2451 1115 2491 in
1161 2451 1284 2505 Algis
1330 2452 1399 2494 vix
1446 2454 1617 2506 quidem
1664 2457 1848 2509 propriae

302 2509 474 2551 adsunt.
521 2512 571 2553 In
601 2513 750 2555 multis
783 2530 893 2567 vero,
927 2531 1109 2570 quarum
1142 2523 1288 2573 partes
1319 2524 1508 2563 externae
1540 2537 1657 2564 novae
1679 2523 1733 2564 ad
1756 2526 1845 2578 api-

301 2591 368 2617 ces
401 2579 535 2621 caulis
566 2595 872 2636 ramorumque
903 2585 1174 2635 evolvuntur,
1208 2587 1273 2628 hae
1305 2593 1453 2642 partes
1483 2590 1546 2630 ita
1578 2590 1845 2644 quandoqui-

302 2644 396 2685 dem
443 2648 755 2700 adproximatae
800 2655 843 2692 et
888 2667 1125 2695 numerosae
1171 2650 1414 2697 adsunt‘ut
1451 2671 1640 2710 gemmas
1671 2663 1846 2711 apertas

302 2713 501 2755 continuo
539 2716 825 2759 increscentes
857 2719 1061 2761 referant.
1121 2721 1191 2764 Ita
1221 2723 1261 2764 in
1296 2724 1516 2778 speciebus
1546 2724 1844 2780 Mammam-few,

302 2792 484 2830 quarum
531 2786 595 2823 est
642 2784 811 2826 brevior
841 2790 884 2826 et
916 2787 1096 2841 simplex
1129 2789 1264 2831 caulis
1295 2790 1607 2843 complanatus,
1653 2792 1843 2835 interno-

302 2845 382 2885 diis
414 2848 642 2890 inevolutis
673 2866 932 2905 accrescens,
964 2854 1068 2896 folia
1101 2857 1269 2898 novella
1299 2857 1354 2898 ad
1376 2858 1539 2911 apicem
1563 2872 1730 2911 gerens,
1753 2861 1841 2911 11300
